<?xml version="1.0"?><data><record xmlns:xs="http://www.w3.org/2001/XMLSchema">
         <leader>     nam a22     2  4500</leader>
         <controlfield tag="001">566994046</controlfield>
         <controlfield tag="003">CHVBK</controlfield>
         <controlfield tag="005">20190608095913.0</controlfield>
         <controlfield tag="008">190608s1967    sz       m    00    ger  </controlfield>
         <datafield tag="035" ind1=" " ind2=" ">
            <subfield code="a">(IDSBB)003766725</subfield>
         </datafield>
         <datafield tag="035" ind1=" " ind2=" ">
            <subfield code="a">(IDSSG)000991073</subfield>
         </datafield>
         <datafield tag="035" ind1=" " ind2=" ">
            <subfield code="a">(OCoLC)602867644</subfield>
         </datafield>
         <datafield tag="035" ind1=" " ind2=" ">
            <subfield code="a">(IDSBB)003766725</subfield>
         </datafield>
         <datafield tag="040" ind1=" " ind2=" ">
            <subfield code="a">SzZuIDS BS/BE B434</subfield>
            <subfield code="e">kids</subfield>
         </datafield>
         <datafield tag="100" ind1="1" ind2=" ">
            <subfield code="a">Bircher</subfield>
            <subfield code="D">Thomas</subfield>
         </datafield>
         <datafield tag="245" ind1="1" ind2="4">
            <subfield code="a">Die Finanzierung der öffentlichen Spitäler durch die öffentliche Hand</subfield>
            <subfield code="b">Untersuchung der Spitalsubventionen, unter besonderer Berücksichtigung des Kantons Bern</subfield>
            <subfield code="c">von Thomas Bircher</subfield>
         </datafield>
         <datafield tag="264" ind1=" " ind2="1">
            <subfield code="a">Bern</subfield>
            <subfield code="b">[Verlag nicht ermittelbar]</subfield>
            <subfield code="c">[1967]</subfield>
         </datafield>
         <datafield tag="300" ind1=" " ind2=" ">
            <subfield code="a">65, XVIII Bl.</subfield>
         </datafield>
         <datafield tag="502" ind1=" " ind2=" ">
            <subfield code="a">Seminararbeit Recht- und wirtschaftswiss. Fakultät der Universität Bern</subfield>
         </datafield>
         <datafield tag="655" ind1=" " ind2="7">
            <subfield code="a">Hochschulschrift</subfield>
            <subfield code="2">gnd-content</subfield>
         </datafield>
         <datafield tag="690" ind1=" " ind2="7">
            <subfield code="B">u</subfield>
            <subfield code="u">YL7</subfield>
            <subfield code="a">Wirtschaftswissenschaften : Finanzwissenschaft. Betriebswirtschaftliche Steuerlehre : Finanzpolitik. Fiscal Policy. Finanzwirtschaft und Finanzpolitik einzelner Länder</subfield>
            <subfield code="2">idssg HD</subfield>
         </datafield>
         <datafield tag="908" ind1=" " ind2=" ">
            <subfield code="D">1</subfield>
            <subfield code="a">Hochschulschrift = Thèse/Mémoire</subfield>
         </datafield>
         <datafield tag="950" ind1=" " ind2=" ">
            <subfield code="B">IDSBB</subfield>
            <subfield code="P">100</subfield>
            <subfield code="E">1-</subfield>
            <subfield code="a">Bircher</subfield>
            <subfield code="D">Thomas</subfield>
         </datafield>
         <datafield tag="950" ind1=" " ind2=" ">
            <subfield code="B">IDSSG</subfield>
            <subfield code="P">100</subfield>
            <subfield code="E">1-</subfield>
            <subfield code="a">Bircher</subfield>
            <subfield code="D">Thomas</subfield>
            <subfield code="e">Verfasser</subfield>
            <subfield code="4">aut</subfield>
         </datafield>
         <datafield tag="898" ind1=" " ind2=" ">
            <subfield code="a">BK020300</subfield>
            <subfield code="b">XK020000</subfield>
            <subfield code="c">XK020000</subfield>
         </datafield>
         <datafield tag="949" ind1=" " ind2=" ">
            <subfield code="B">IDSBB</subfield>
            <subfield code="F">B434</subfield>
            <subfield code="b">B434</subfield>
            <subfield code="c">434MO</subfield>
            <subfield code="j">StAB C 1324</subfield>
            <subfield code="x">95/771</subfield>
         </datafield>
         <datafield tag="949" ind1=" " ind2=" ">
            <subfield code="B">IDSSG</subfield>
            <subfield code="F">HIFF</subfield>
            <subfield code="b">HIFF</subfield>
            <subfield code="c">SEP</subfield>
            <subfield code="j">BE Sep. 05</subfield>
         </datafield>
      <datafield tag="690" ind1="H" ind2="D">
            <subfield code="8">YL7</subfield>
            <subfield code="a">Wirtschaftswissenschaften : Finanzwissenschaft. Betriebswirtschaftliche Steuerlehre : Finanzpolitik. Fiscal Policy. Finanzwirtschaft und Finanzpolitik einzelner Länder</subfield>
            <subfield code="2">HSG-IFF</subfield>
        </datafield></record>