<record xmlns:xs="http://www.w3.org/2001/XMLSchema">
         <leader>     cam a22     4  4500</leader>
         <controlfield tag="001">32419238X</controlfield>
         <controlfield tag="003">CHVBK</controlfield>
         <controlfield tag="005">20190608093338.0</controlfield>
         <controlfield tag="008">140924s1999    au       m    00    ger  </controlfield>
         <datafield tag="020" ind1=" " ind2=" ">
            <subfield code="a">3-85122-940-1</subfield>
         </datafield>
         <datafield tag="035" ind1=" " ind2=" ">
            <subfield code="a">(IDSBB)002219721</subfield>
         </datafield>
         <datafield tag="035" ind1=" " ind2=" ">
            <subfield code="a">(IDSSG)000991219</subfield>
         </datafield>
         <datafield tag="035" ind1=" " ind2=" ">
            <subfield code="a">(LIBIB)000229134</subfield>
         </datafield>
         <datafield tag="035" ind1=" " ind2=" ">
            <subfield code="a">(IDSBB)002219721</subfield>
         </datafield>
         <datafield tag="035" ind1=" " ind2=" ">
            <subfield code="a">(LIBIB)000229134</subfield>
         </datafield>
         <datafield tag="035" ind1=" " ind2=" ">
            <subfield code="a">(IDSSG)000991219</subfield>
         </datafield>
         <datafield tag="040" ind1=" " ind2=" ">
            <subfield code="a">SzZuIDS BS/BE B465</subfield>
            <subfield code="e">kids</subfield>
         </datafield>
         <datafield tag="082" ind1="1" ind2=" ">
            <subfield code="a">340</subfield>
            <subfield code="2">15</subfield>
         </datafield>
         <datafield tag="100" ind1="1" ind2=" ">
            <subfield code="a">Staringer</subfield>
            <subfield code="D">Claus</subfield>
            <subfield code="d">1967-</subfield>
            <subfield code="0">(DE-588)171722876</subfield>
         </datafield>
         <datafield tag="245" ind1="1" ind2="0">
            <subfield code="a">Besteuerung doppelt ansässiger Kapitalgesellschaften</subfield>
            <subfield code="c">Claus Staringer</subfield>
         </datafield>
         <datafield tag="264" ind1=" " ind2="1">
            <subfield code="a">Wien</subfield>
            <subfield code="b">Linde Verlag</subfield>
            <subfield code="c">1999</subfield>
         </datafield>
         <datafield tag="300" ind1=" " ind2=" ">
            <subfield code="a">462 Seiten</subfield>
         </datafield>
         <datafield tag="502" ind1=" " ind2=" ">
            <subfield code="a">Habil.-Schrift Univ. Wien, 1999</subfield>
         </datafield>
         <datafield tag="650" ind1=" " ind2="7">
            <subfield code="a">Kapitalgesellschaft</subfield>
            <subfield code="x">Besteuerung</subfield>
            <subfield code="x">Internationales Recht</subfield>
            <subfield code="z">Österreich</subfield>
            <subfield code="2">idsbb</subfield>
         </datafield>
         <datafield tag="650" ind1=" " ind2="7">
            <subfield code="a">Doppelsitz</subfield>
            <subfield code="0">(DE-588)4208998-0</subfield>
            <subfield code="2">gnd</subfield>
         </datafield>
         <datafield tag="650" ind1=" " ind2="7">
            <subfield code="a">Internationales Steuerrecht</subfield>
            <subfield code="0">(DE-588)4027451-2</subfield>
            <subfield code="2">gnd</subfield>
         </datafield>
         <datafield tag="650" ind1=" " ind2="7">
            <subfield code="a">Kapitalgesellschaft</subfield>
            <subfield code="0">(DE-588)4129472-5</subfield>
            <subfield code="2">gnd</subfield>
         </datafield>
         <datafield tag="651" ind1=" " ind2="7">
            <subfield code="a">Österreich</subfield>
            <subfield code="0">(DE-588)4043271-3</subfield>
            <subfield code="2">gnd</subfield>
         </datafield>
         <datafield tag="655" ind1=" " ind2="7">
            <subfield code="a">Hochschulschrift</subfield>
            <subfield code="2">gnd-content</subfield>
         </datafield>
         <datafield tag="690" ind1=" " ind2="7">
            <subfield code="B">u</subfield>
            <subfield code="u">KD</subfield>
            <subfield code="a">Ausländisches Steuerrecht : Oesterreich</subfield>
            <subfield code="2">idssg HD</subfield>
         </datafield>
         <datafield tag="691" ind1=" " ind2="7">
            <subfield code="u">53</subfield>
            <subfield code="2">ids dr-sys</subfield>
         </datafield>
         <datafield tag="691" ind1=" " ind2="7">
            <subfield code="B">u</subfield>
            <subfield code="u">(436)</subfield>
            <subfield code="a">Österreich</subfield>
            <subfield code="2">libib XD</subfield>
         </datafield>
         <datafield tag="691" ind1=" " ind2="7">
            <subfield code="B">u</subfield>
            <subfield code="u">347.728</subfield>
            <subfield code="a">Einzelne Fragen des Gesellschaftsrechts</subfield>
            <subfield code="c">Handelsrecht</subfield>
            <subfield code="2">libib XD</subfield>
         </datafield>
         <datafield tag="691" ind1=" " ind2="7">
            <subfield code="B">u</subfield>
            <subfield code="u">349.12</subfield>
            <subfield code="a">Steuerrecht. Fiskalrecht</subfield>
            <subfield code="2">libib XD</subfield>
         </datafield>
         <datafield tag="908" ind1=" " ind2=" ">
            <subfield code="D">1</subfield>
            <subfield code="a">Hochschulschrift = Thèse/Mémoire</subfield>
         </datafield>
         <datafield tag="912" ind1=" " ind2="7">
            <subfield code="a">rw</subfield>
            <subfield code="2">SzZuIDS BS/BE</subfield>
         </datafield>
         <datafield tag="912" ind1=" " ind2="7">
            <subfield code="a">ww</subfield>
            <subfield code="2">FL</subfield>
         </datafield>
         <datafield tag="950" ind1=" " ind2=" ">
            <subfield code="B">IDSBB</subfield>
            <subfield code="P">100</subfield>
            <subfield code="E">1-</subfield>
            <subfield code="a">Staringer</subfield>
            <subfield code="D">Claus</subfield>
            <subfield code="d">1967-</subfield>
            <subfield code="0">(DE-588)171722876</subfield>
         </datafield>
         <datafield tag="950" ind1=" " ind2=" ">
            <subfield code="B">IDSSG</subfield>
            <subfield code="P">100</subfield>
            <subfield code="E">1-</subfield>
            <subfield code="a">Staringer</subfield>
            <subfield code="D">Claus</subfield>
            <subfield code="d">1967</subfield>
            <subfield code="e">Verfasser</subfield>
            <subfield code="4">aut</subfield>
         </datafield>
         <datafield tag="950" ind1=" " ind2=" ">
            <subfield code="B">LIBIB</subfield>
            <subfield code="P">100</subfield>
            <subfield code="E">1-</subfield>
            <subfield code="a">Staringer</subfield>
            <subfield code="D">Claus</subfield>
         </datafield>
         <datafield tag="898" ind1=" " ind2=" ">
            <subfield code="a">BK020300</subfield>
            <subfield code="b">XK020000</subfield>
            <subfield code="c">XK020000</subfield>
         </datafield>
         <datafield tag="898" ind1=" " ind2=" ">
            <subfield code="a">BK020000</subfield>
            <subfield code="b">XK020000</subfield>
            <subfield code="c">XK020000</subfield>
         </datafield>
         <datafield tag="949" ind1=" " ind2=" ">
            <subfield code="B">IDSBB</subfield>
            <subfield code="F">B465</subfield>
            <subfield code="b">B465</subfield>
            <subfield code="c">FH</subfield>
            <subfield code="j">JBB 17.430/ 215</subfield>
            <subfield code="x">NELB4650012</subfield>
         </datafield>
         <datafield tag="949" ind1=" " ind2=" ">
            <subfield code="B">IDSSG</subfield>
            <subfield code="F">HIFF</subfield>
            <subfield code="b">HIFF</subfield>
            <subfield code="c">IFF</subfield>
            <subfield code="j">KD 115</subfield>
         </datafield>
         <datafield tag="949" ind1=" " ind2=" ">
            <subfield code="B">LIBIB</subfield>
            <subfield code="F">FLSTV</subfield>
            <subfield code="b">FLSTV</subfield>
            <subfield code="c">STVBI</subfield>
            <subfield code="j">0.3.1 // 332</subfield>
            <subfield code="s">STVB 332</subfield>
         </datafield>
      <datafield tag="690" ind1="H" ind2="D">
            <subfield code="8">KD</subfield>
            <subfield code="a">Ausländisches Steuerrecht : Oesterreich</subfield>
            <subfield code="2">HSG-IFF</subfield>
        </datafield></record>