<record xmlns:xs="http://www.w3.org/2001/XMLSchema">
         <leader>     caa a22     u  4500</leader>
         <controlfield tag="001">565135821</controlfield>
         <controlfield tag="003">CHVBK</controlfield>
         <controlfield tag="005">20190608095719.0</controlfield>
         <controlfield tag="008">190510s1966    sz |||||||||| 00   |ger d</controlfield>
         <datafield tag="035" ind1=" " ind2=" ">
            <subfield code="a">(IDSBB)001066587</subfield>
         </datafield>
         <datafield tag="035" ind1=" " ind2=" ">
            <subfield code="a">(IDSSG)000991319</subfield>
         </datafield>
         <datafield tag="035" ind1=" " ind2=" ">
            <subfield code="a">(ALEX)991738094101791</subfield>
         </datafield>
         <datafield tag="035" ind1=" " ind2=" ">
            <subfield code="a">(OCoLC)610662771</subfield>
         </datafield>
         <datafield tag="035" ind1=" " ind2=" ">
            <subfield code="a">(IDSBB)001066587</subfield>
         </datafield>
         <datafield tag="040" ind1=" " ind2=" ">
            <subfield code="a">SzZuIDS BS/BE B465</subfield>
            <subfield code="b">ger</subfield>
            <subfield code="e">kids</subfield>
         </datafield>
         <datafield tag="100" ind1="1" ind2=" ">
            <subfield code="a">Känzig</subfield>
            <subfield code="D">Ernst</subfield>
         </datafield>
         <datafield tag="245" ind1="1" ind2="4">
            <subfield code="a">Die steuerrechtliche Behandlung der Veräusserung von Unternehmungen und Unternehmungsanteilen</subfield>
            <subfield code="c">E. Känzig</subfield>
         </datafield>
         <datafield tag="260" ind1=" " ind2=" ">
            <subfield code="a">[S.l.]</subfield>
            <subfield code="b">[s.n.]</subfield>
            <subfield code="c">1966</subfield>
         </datafield>
         <datafield tag="690" ind1=" " ind2="7">
            <subfield code="B">u</subfield>
            <subfield code="u">PK</subfield>
            <subfield code="a">Einkommen- und Vermögensteuern, Ertrag- und Kapitalsteuern : Besteuerung juristischer Personen, Kapitalgesellschaften</subfield>
            <subfield code="2">idssg HD</subfield>
         </datafield>
         <datafield tag="690" ind1=" " ind2="7">
            <subfield code="B">s</subfield>
            <subfield code="a">Unternehmenssteuer</subfield>
            <subfield code="2">alex helvetosaurus</subfield>
         </datafield>
         <datafield tag="690" ind1=" " ind2="7">
            <subfield code="B">g</subfield>
            <subfield code="a">Schweiz</subfield>
            <subfield code="2">alex helvetosaurus</subfield>
         </datafield>
         <datafield tag="691" ind1=" " ind2="7">
            <subfield code="B">u</subfield>
            <subfield code="u">WH 1.5.4</subfield>
            <subfield code="2">idsbb GD</subfield>
         </datafield>
         <datafield tag="691" ind1=" " ind2="7">
            <subfield code="u">15.1</subfield>
            <subfield code="2">ids dr-sys</subfield>
         </datafield>
         <datafield tag="773" ind1="0" ind2="U">
            <subfield code="t">Festschrift für Irene Blumenstein : überreicht zum 70. Geburtstag am 23. April 1966</subfield>
            <subfield code="d">Bern : Genossenschaftsbuchdruckerei, 1966</subfield>
            <subfield code="g">S. 87-107</subfield>
            <subfield code="j">87-107</subfield>
            <subfield code="w">(IDSBB)000273917</subfield>
            <subfield code="9">358793718</subfield>
         </datafield>
         <datafield tag="950" ind1=" " ind2=" ">
            <subfield code="B">IDSBB</subfield>
            <subfield code="P">100</subfield>
            <subfield code="E">1-</subfield>
            <subfield code="a">Känzig</subfield>
            <subfield code="D">Ernst</subfield>
         </datafield>
         <datafield tag="950" ind1=" " ind2=" ">
            <subfield code="B">IDSBB</subfield>
            <subfield code="P">773</subfield>
            <subfield code="E">0U</subfield>
            <subfield code="t">Festschrift für Irene Blumenstein : überreicht zum 70. Geburtstag am 23. April 1966</subfield>
            <subfield code="d">Bern : Genossenschaftsbuchdruckerei, 1966</subfield>
            <subfield code="g">S. 87-107</subfield>
            <subfield code="j">87-107</subfield>
            <subfield code="w">(IDSBB)000273917</subfield>
            <subfield code="9">358793718</subfield>
         </datafield>
         <datafield tag="950" ind1=" " ind2=" ">
            <subfield code="B">IDSSG</subfield>
            <subfield code="P">100</subfield>
            <subfield code="E">1-</subfield>
            <subfield code="a">Känzig</subfield>
            <subfield code="D">Ernst</subfield>
            <subfield code="e">Verfasser</subfield>
            <subfield code="4">aut</subfield>
         </datafield>
         <datafield tag="950" ind1=" " ind2=" ">
            <subfield code="B">IDSSG</subfield>
            <subfield code="P">773</subfield>
            <subfield code="E">0U</subfield>
            <subfield code="t">Festschrift für Irene Blumenstein : überreicht zum 70. Geburtstag am 23. April 1966</subfield>
            <subfield code="d">Bern : Genossenschaftsbuchdruckerei, 1966</subfield>
            <subfield code="g">S. 87-107</subfield>
            <subfield code="j">87-107</subfield>
         </datafield>
         <datafield tag="950" ind1=" " ind2=" ">
            <subfield code="B">ALEX</subfield>
            <subfield code="P">100</subfield>
            <subfield code="E">1-</subfield>
            <subfield code="a">Känzig</subfield>
            <subfield code="D">Ernst</subfield>
         </datafield>
         <datafield tag="950" ind1=" " ind2=" ">
            <subfield code="B">ALEX</subfield>
            <subfield code="P">773</subfield>
            <subfield code="E">0-</subfield>
            <subfield code="t">Festschrift für Irene Blumenstein : überreicht zum 70. Geburtstag am 23. April 1966</subfield>
            <subfield code="g">Archiv für schweizer. Abgaberecht, Beilage zum Bd. 34. Bern 1966, S. 87-107</subfield>
         </datafield>
         <datafield tag="950" ind1=" " ind2=" ">
            <subfield code="B">ALEX</subfield>
            <subfield code="P">773</subfield>
            <subfield code="E">0-</subfield>
            <subfield code="t">Archiv für schweizerisches Abgaberecht</subfield>
            <subfield code="g">Beilage zum Bd. 34. Bern 1966, S. 87-107</subfield>
         </datafield>
         <datafield tag="986" ind1=" " ind2=" ">
            <subfield code="a">SWISSBIB</subfield>
            <subfield code="b">349754659</subfield>
         </datafield>
         <datafield tag="898" ind1=" " ind2=" ">
            <subfield code="a">BK010000</subfield>
            <subfield code="b">XK010000</subfield>
            <subfield code="c">XK010000</subfield>
         </datafield>
         <datafield tag="949" ind1=" " ind2=" ">
            <subfield code="B">IDSBB</subfield>
            <subfield code="F">B465</subfield>
            <subfield code="b">B465</subfield>
            <subfield code="c">FH</subfield>
            <subfield code="j">JBB 4.500/ 259</subfield>
            <subfield code="x">Akz: be/ujb-/u</subfield>
         </datafield>
         <datafield tag="852" ind1="4" ind2=" ">
            <subfield code="B">IDSSG</subfield>
            <subfield code="F">C003</subfield>
            <subfield code="b">C003</subfield>
            <subfield code="j">- -</subfield>
            <subfield code="a">-</subfield>
         </datafield>
         <datafield tag="949" ind1=" " ind2=" ">
            <subfield code="B">ALEX</subfield>
            <subfield code="F">BIG</subfield>
            <subfield code="b">BIG</subfield>
            <subfield code="j">BIG EPZB Z 260(34)</subfield>
            <subfield code="c">Artikel</subfield>
         </datafield>
      <datafield tag="690" ind1="H" ind2="D">
            <subfield code="8">PK</subfield>
            <subfield code="a">Einkommen- und Vermögensteuern, Ertrag- und Kapitalsteuern : Besteuerung juristischer Personen, Kapitalgesellschaften</subfield>
            <subfield code="2">HSG-IFF</subfield>
        </datafield></record>