<record xmlns:xs="http://www.w3.org/2001/XMLSchema">
         <leader>     cam a22     u  4500</leader>
         <controlfield tag="001">275275868</controlfield>
         <controlfield tag="003">CHVBK</controlfield>
         <controlfield tag="005">20190419064850.0</controlfield>
         <controlfield tag="008">130818s1972    sz |||||||||| 00   |ger d</controlfield>
         <datafield tag="035" ind1=" " ind2=" ">
            <subfield code="a">(IDSBB)000705418</subfield>
         </datafield>
         <datafield tag="035" ind1=" " ind2=" ">
            <subfield code="a">(ABN)000288619</subfield>
         </datafield>
         <datafield tag="035" ind1=" " ind2=" ">
            <subfield code="a">(ALEX)991484064101791</subfield>
         </datafield>
         <datafield tag="035" ind1=" " ind2=" ">
            <subfield code="a">(NEBIS)002574221</subfield>
         </datafield>
         <datafield tag="040" ind1=" " ind2=" ">
            <subfield code="a">SzZuIDS BS/BE B465</subfield>
            <subfield code="b">ger</subfield>
            <subfield code="e">kids</subfield>
         </datafield>
         <datafield tag="082" ind1="1" ind2=" ">
            <subfield code="a">340</subfield>
            <subfield code="2">15</subfield>
         </datafield>
         <datafield tag="245" ind1="0" ind2="0">
            <subfield code="a">Bericht der Eidgenössischen Expertenkommission für die Neuordnung der Krankenversicherung, vom 11. Februar 1972</subfield>
         </datafield>
         <datafield tag="264" ind1=" " ind2="1">
            <subfield code="a">Bern</subfield>
            <subfield code="b">Eidg. Drucksachen- und Materialzentrale</subfield>
            <subfield code="c">1972</subfield>
         </datafield>
         <datafield tag="300" ind1=" " ind2=" ">
            <subfield code="a">X, 283 S.</subfield>
            <subfield code="c">21 cm</subfield>
            <subfield code="e">Tabellen</subfield>
         </datafield>
         <datafield tag="650" ind1=" " ind2="7">
            <subfield code="a">Krankenversicherung</subfield>
            <subfield code="z">Schweiz</subfield>
            <subfield code="v">Bericht</subfield>
            <subfield code="2">idsbb</subfield>
         </datafield>
         <datafield tag="650" ind1=" " ind2="7">
            <subfield code="a">Krankenversicherung</subfield>
            <subfield code="0">(DE-588)4032836-3</subfield>
            <subfield code="2">gnd</subfield>
         </datafield>
         <datafield tag="650" ind1=" " ind2="7">
            <subfield code="a">KV</subfield>
            <subfield code="2">jurivoc</subfield>
         </datafield>
         <datafield tag="650" ind1=" " ind2="7">
            <subfield code="a">Revision(Rechtssetzung)</subfield>
            <subfield code="2">jurivoc</subfield>
         </datafield>
         <datafield tag="650" ind1=" " ind2="7">
            <subfield code="a">Materialien(Dokumententyp)</subfield>
            <subfield code="2">jurivoc</subfield>
         </datafield>
         <datafield tag="650" ind1=" " ind2="7">
            <subfield code="a">Bundesgesetz über die Krankenversicherung</subfield>
            <subfield code="2">jurivoc</subfield>
         </datafield>
         <datafield tag="650" ind1=" " ind2="7">
            <subfield code="a">Textreproduktion</subfield>
            <subfield code="2">jurivoc</subfield>
         </datafield>
         <datafield tag="651" ind1=" " ind2="7">
            <subfield code="a">Schweiz</subfield>
            <subfield code="0">(DE-588)4053881-3</subfield>
            <subfield code="2">gnd</subfield>
         </datafield>
         <datafield tag="651" ind1=" " ind2="7">
            <subfield code="a">Schweiz</subfield>
            <subfield code="2">jurivoc</subfield>
         </datafield>
         <datafield tag="655" ind1=" " ind2="7">
            <subfield code="a">Bericht</subfield>
            <subfield code="2">gnd</subfield>
         </datafield>
         <datafield tag="690" ind1=" " ind2="7">
            <subfield code="B">u</subfield>
            <subfield code="a">-</subfield>
            <subfield code="d">Gesundheitswesen: Länderstudien (CH)</subfield>
            <subfield code="2">idsuzh VJ</subfield>
         </datafield>
         <datafield tag="690" ind1=" " ind2="7">
            <subfield code="B">u</subfield>
            <subfield code="a">-</subfield>
            <subfield code="d">Sozialversicherung: Länderstudien (CH)</subfield>
            <subfield code="2">idsuzh VJ</subfield>
         </datafield>
         <datafield tag="691" ind1=" " ind2="7">
            <subfield code="B">u</subfield>
            <subfield code="u">WJ 6.1.1</subfield>
            <subfield code="2">idsbb GD</subfield>
         </datafield>
         <datafield tag="691" ind1=" " ind2="7">
            <subfield code="B">u</subfield>
            <subfield code="u">WJ 6.4</subfield>
            <subfield code="2">idsbb GD</subfield>
         </datafield>
         <datafield tag="710" ind1="1" ind2=" ">
            <subfield code="a">Schweiz</subfield>
            <subfield code="b">Eidgenössische Expertenkommission für die Neuordnung der Krankenversicherung</subfield>
            <subfield code="0">(DE-588)1086601769</subfield>
         </datafield>
         <datafield tag="909" ind1=" " ind2="7">
            <subfield code="a">MedeaSOZARCH</subfield>
            <subfield code="2">nebis ER</subfield>
         </datafield>
         <datafield tag="909" ind1=" " ind2="7">
            <subfield code="f">medea</subfield>
            <subfield code="2">idsuzh U2</subfield>
         </datafield>
         <datafield tag="912" ind1=" " ind2="7">
            <subfield code="a">rf</subfield>
            <subfield code="2">SzZuIDS BS/BE</subfield>
         </datafield>
         <datafield tag="950" ind1=" " ind2=" ">
            <subfield code="B">IDSBB</subfield>
            <subfield code="P">710</subfield>
            <subfield code="E">1-</subfield>
            <subfield code="a">Schweiz</subfield>
            <subfield code="b">Eidgenössische Expertenkommission für die Neuordnung der Krankenversicherung</subfield>
            <subfield code="0">(DE-588)1086601769</subfield>
         </datafield>
         <datafield tag="950" ind1=" " ind2=" ">
            <subfield code="B">ABN</subfield>
            <subfield code="P">710</subfield>
            <subfield code="E">1-</subfield>
            <subfield code="a">Schweiz</subfield>
            <subfield code="b">Eidgenössische Expertenkommission für die Neuordnung der Krankenversicherung</subfield>
         </datafield>
         <datafield tag="950" ind1=" " ind2=" ">
            <subfield code="B">ALEX</subfield>
            <subfield code="P">110</subfield>
            <subfield code="E">1-</subfield>
            <subfield code="a">Schweiz</subfield>
            <subfield code="b">Eidgenössische Expertenkommission für die Neuordnung der Krankenversicherung</subfield>
         </datafield>
         <datafield tag="986" ind1=" " ind2=" ">
            <subfield code="a">SWISSBIB</subfield>
            <subfield code="b">084223839</subfield>
         </datafield>
         <datafield tag="986" ind1=" " ind2=" ">
            <subfield code="a">ORANGE</subfield>
            <subfield code="b">084223839</subfield>
         </datafield>
         <datafield tag="898" ind1=" " ind2=" ">
            <subfield code="a">BK020000</subfield>
            <subfield code="b">XK020000</subfield>
            <subfield code="c">XK020000</subfield>
         </datafield>
         <datafield tag="949" ind1=" " ind2=" ">
            <subfield code="B">NEBIS</subfield>
            <subfield code="F">E19</subfield>
            <subfield code="b">E19</subfield>
            <subfield code="j">48388</subfield>
         </datafield>
         <datafield tag="949" ind1=" " ind2=" ">
            <subfield code="B">NEBIS</subfield>
            <subfield code="F">UECON</subfield>
            <subfield code="b">UECON</subfield>
            <subfield code="c">ULMZN</subfield>
            <subfield code="j">SOS N 0809</subfield>
         </datafield>
         <datafield tag="949" ind1=" " ind2=" ">
            <subfield code="B">NEBIS</subfield>
            <subfield code="F">UMBC</subfield>
            <subfield code="b">UMBC</subfield>
            <subfield code="c">ULARV</subfield>
            <subfield code="j">Präv T1 6</subfield>
         </datafield>
         <datafield tag="949" ind1=" " ind2=" ">
            <subfield code="B">IDSBB</subfield>
            <subfield code="F">A100</subfield>
            <subfield code="b">A100</subfield>
            <subfield code="c">MAG</subfield>
            <subfield code="j">UBH Pb 13668</subfield>
            <subfield code="x">. g/98/iaw-isw</subfield>
         </datafield>
         <datafield tag="949" ind1=" " ind2=" ">
            <subfield code="B">IDSBB</subfield>
            <subfield code="F">A125</subfield>
            <subfield code="b">A125</subfield>
            <subfield code="c">125ST</subfield>
            <subfield code="j">SWA Vo K V 2</subfield>
            <subfield code="x">011.0637</subfield>
         </datafield>
         <datafield tag="949" ind1=" " ind2=" ">
            <subfield code="B">IDSBB</subfield>
            <subfield code="F">A304</subfield>
            <subfield code="b">A304</subfield>
            <subfield code="c">PR</subfield>
            <subfield code="j">PHM Ak 5</subfield>
            <subfield code="x">NELA3041410</subfield>
         </datafield>
         <datafield tag="949" ind1=" " ind2=" ">
            <subfield code="B">IDSBB</subfield>
            <subfield code="F">B465</subfield>
            <subfield code="b">B465</subfield>
            <subfield code="c">FH</subfield>
            <subfield code="j">JBB 10.432/ 4</subfield>
            <subfield code="x">Akz: be/ujb-/u</subfield>
         </datafield>
         <datafield tag="949" ind1=" " ind2=" ">
            <subfield code="B">IDSBB</subfield>
            <subfield code="F">B583</subfield>
            <subfield code="b">B583</subfield>
            <subfield code="c">MAG</subfield>
            <subfield code="j">IMG W 125 B511</subfield>
            <subfield code="x">Akz: be/umhi/g</subfield>
         </datafield>
         <datafield tag="949" ind1=" " ind2=" ">
            <subfield code="B">ABN</subfield>
            <subfield code="F">OGB</subfield>
            <subfield code="b">OGB</subfield>
            <subfield code="c">OGMAG</subfield>
            <subfield code="j">OGB E 749</subfield>
         </datafield>
         <datafield tag="949" ind1=" " ind2=" ">
            <subfield code="B">ABN</subfield>
            <subfield code="F">OGB</subfield>
            <subfield code="b">OGB</subfield>
            <subfield code="c">OGMAG</subfield>
            <subfield code="j">OGB E 749</subfield>
         </datafield>
         <datafield tag="949" ind1=" " ind2=" ">
            <subfield code="B">ALEX</subfield>
            <subfield code="F">BIG</subfield>
            <subfield code="b">BIG</subfield>
            <subfield code="j">BIG ESTV AK 467.24.1</subfield>
            <subfield code="c">Magazin1</subfield>
         </datafield>
      <datafield tag="690" ind1="H" ind2="D">
            <subfield code="8">YX</subfield>
            <subfield code="a">Wirtschaftswissenschaften : Sozialpolitik. Gesundheitswesen. Bildungsökonomie</subfield>
            <subfield code="2">HSG-IFF</subfield>
        </datafield></record>