<record xmlns:xs="http://www.w3.org/2001/XMLSchema">
         <leader>     caa a22        4500</leader>
         <controlfield tag="001">281878781</controlfield>
         <controlfield tag="003">CHVBK</controlfield>
         <controlfield tag="005">20190716070506.0</controlfield>
         <controlfield tag="008">130818s1989    sz            00    ger d</controlfield>
         <datafield tag="019" ind1=" " ind2=" ">
            <subfield code="a">!!!"Bibliographie du droit suisse"!!!</subfield>
            <subfield code="5">17.01.1990/geubfd/mc</subfield>
         </datafield>
         <datafield tag="035" ind1=" " ind2=" ">
            <subfield code="a">(RERO)1204045</subfield>
         </datafield>
         <datafield tag="035" ind1=" " ind2=" ">
            <subfield code="a">(SGBN)000097250</subfield>
         </datafield>
         <datafield tag="035" ind1=" " ind2=" ">
            <subfield code="a">(VAUD)991017538479702852</subfield>
         </datafield>
         <datafield tag="035" ind1=" " ind2=" ">
            <subfield code="a">(IDSSG)000991864</subfield>
         </datafield>
         <datafield tag="035" ind1=" " ind2=" ">
            <subfield code="a">(ALEX)991612494101791</subfield>
         </datafield>
         <datafield tag="035" ind1=" " ind2=" ">
            <subfield code="a">1204045</subfield>
         </datafield>
         <datafield tag="035" ind1=" " ind2=" ">
            <subfield code="a">(RNV)001099581-41bculausa_network</subfield>
         </datafield>
         <datafield tag="035" ind1=" " ind2=" ">
            <subfield code="a">(RERO)001099581</subfield>
         </datafield>
         <datafield tag="035" ind1=" " ind2=" ">
            <subfield code="a">(EXLNZ-41BCULAUSA_NETWORK)991005298419702851</subfield>
         </datafield>
         <datafield tag="040" ind1=" " ind2=" ">
            <subfield code="a">RERO geubfd</subfield>
         </datafield>
         <datafield tag="072" ind1=" " ind2="7">
            <subfield code="a">s1dr</subfield>
            <subfield code="2">rero</subfield>
         </datafield>
         <datafield tag="084" ind1=" " ind2=" ">
            <subfield code="a">34.0.05ZUP</subfield>
            <subfield code="a">BCUDdr</subfield>
            <subfield code="2">CLASBCUD</subfield>
         </datafield>
         <datafield tag="100" ind1="1" ind2=" ">
            <subfield code="a">Fessler</subfield>
            <subfield code="D">Ferdinand</subfield>
            <subfield code="0">(RERO)A003240423</subfield>
            <subfield code="4">cre</subfield>
         </datafield>
         <datafield tag="245" ind1="1" ind2="4">
            <subfield code="a">Die Entwicklung der Steuerbelastung des Reineinkommens natürlicher Personen in Bund und Kanton Zürich</subfield>
            <subfield code="c">Ferdinand Fessler</subfield>
         </datafield>
         <datafield tag="260" ind1=" " ind2=" ">
            <subfield code="a">[S.l.]</subfield>
            <subfield code="b">[s.n.]</subfield>
            <subfield code="c">1989</subfield>
         </datafield>
         <datafield tag="580" ind1=" " ind2=" ">
            <subfield code="a">In: Das schweizerische Steuerrecht...: Festschrift zum 70. Geburtstag von Prof. Dr. Ferdinand Zuppinger / hrsg. von Markus Reich, Martin Zweifel. - Bern : Stämpfli, 1989. - S. 13-29</subfield>
         </datafield>
         <datafield tag="650" ind1=" " ind2="7">
            <subfield code="a">impôt sur le revenu des personnes physiques</subfield>
            <subfield code="0">(RERO)A009998237</subfield>
            <subfield code="2">rerovoc</subfield>
         </datafield>
         <datafield tag="650" ind1=" " ind2="7">
            <subfield code="a">impôt sur le revenu des personnes physiques</subfield>
            <subfield code="z">Suisse</subfield>
            <subfield code="2">chrero</subfield>
         </datafield>
         <datafield tag="650" ind1=" " ind2="7">
            <subfield code="a">impôt sur le revenu des personnes physiques</subfield>
            <subfield code="z">Zurich (Suisse, canton)</subfield>
            <subfield code="2">chrero</subfield>
         </datafield>
         <datafield tag="650" ind1=" " ind2="7">
            <subfield code="a">impôt sur le revenu des personnes physiques</subfield>
            <subfield code="2">rerovoc</subfield>
         </datafield>
         <datafield tag="651" ind1=" " ind2="7">
            <subfield code="a">Suisse</subfield>
            <subfield code="0">(RERO)A010021522</subfield>
            <subfield code="2">rero</subfield>
         </datafield>
         <datafield tag="651" ind1=" " ind2="7">
            <subfield code="a">Zurich (Suisse, canton)</subfield>
            <subfield code="0">(RERO)A010038211</subfield>
            <subfield code="2">rero</subfield>
         </datafield>
         <datafield tag="690" ind1=" " ind2="7">
            <subfield code="B">s</subfield>
            <subfield code="a">Steuerbelastung</subfield>
            <subfield code="2">sgbn S</subfield>
         </datafield>
         <datafield tag="690" ind1=" " ind2="7">
            <subfield code="B">u</subfield>
            <subfield code="u">PC</subfield>
            <subfield code="a">Einkommen- und Vermögensteuern, Ertrag- und Kapitalsteuern : Einkommensteuer allgemein</subfield>
            <subfield code="2">idssg HD</subfield>
         </datafield>
         <datafield tag="690" ind1=" " ind2="7">
            <subfield code="B">u</subfield>
            <subfield code="u">PE</subfield>
            <subfield code="a">Einkommen- und Vermögensteuern, Ertrag- und Kapitalsteuern : Einkommen Selbständigerwerbender, Unternehmungsbesteuerung</subfield>
            <subfield code="2">idssg HD</subfield>
         </datafield>
         <datafield tag="690" ind1=" " ind2="7">
            <subfield code="B">s</subfield>
            <subfield code="a">Steuerrecht</subfield>
            <subfield code="2">alex helvetosaurus</subfield>
         </datafield>
         <datafield tag="690" ind1=" " ind2="7">
            <subfield code="B">s</subfield>
            <subfield code="a">Steuerbelastung</subfield>
            <subfield code="2">alex helvetosaurus</subfield>
         </datafield>
         <datafield tag="690" ind1=" " ind2="7">
            <subfield code="B">s</subfield>
            <subfield code="a">Einkommenssteuer</subfield>
            <subfield code="2">alex helvetosaurus</subfield>
         </datafield>
         <datafield tag="690" ind1=" " ind2="7">
            <subfield code="B">s</subfield>
            <subfield code="a">Steuer</subfield>
            <subfield code="2">alex helvetosaurus</subfield>
         </datafield>
         <datafield tag="690" ind1=" " ind2="7">
            <subfield code="B">s</subfield>
            <subfield code="a">Bund</subfield>
            <subfield code="2">alex helvetosaurus</subfield>
         </datafield>
         <datafield tag="690" ind1=" " ind2="7">
            <subfield code="B">g</subfield>
            <subfield code="a">Zürich (Kanton)</subfield>
            <subfield code="2">alex helvetosaurus</subfield>
         </datafield>
         <datafield tag="690" ind1=" " ind2="7">
            <subfield code="B">g</subfield>
            <subfield code="a">Schweiz</subfield>
            <subfield code="2">alex helvetosaurus</subfield>
         </datafield>
         <datafield tag="691" ind1=" " ind2="7">
            <subfield code="2">rero dr-sys</subfield>
            <subfield code="u">CA/CH 54.1 i</subfield>
         </datafield>
         <datafield tag="691" ind1=" " ind2="7">
            <subfield code="2">rero dr-sys</subfield>
            <subfield code="u">CA/CH-ZH 54.1 i</subfield>
         </datafield>
         <datafield tag="691" ind1=" " ind2="7">
            <subfield code="2">vaud dr-sys</subfield>
            <subfield code="u">CA/CH 54.1 i</subfield>
         </datafield>
         <datafield tag="691" ind1=" " ind2="7">
            <subfield code="2">vaud dr-sys</subfield>
            <subfield code="u">CA/CH-ZH 54.1 i</subfield>
         </datafield>
         <datafield tag="773" ind1="1" ind2=" ">
            <subfield code="t">Schweizerische Steuerrecht : eine Standortbestimmung : Festschrift zum 70. Geburtstag von Prof. Dr. Ferdinand Zuppinger</subfield>
            <subfield code="g">S. 13-29</subfield>
            <subfield code="w">(RERO)001102959</subfield>
            <subfield code="9">270208453</subfield>
         </datafield>
         <datafield tag="852" ind1="4" ind2=" ">
            <subfield code="B">IDSSG</subfield>
            <subfield code="F">C003</subfield>
            <subfield code="b">C003</subfield>
            <subfield code="j">- -</subfield>
            <subfield code="a">-</subfield>
         </datafield>
         <datafield tag="898" ind1=" " ind2=" ">
            <subfield code="a">BK010000</subfield>
            <subfield code="b">XK010000</subfield>
            <subfield code="c">XK010000</subfield>
         </datafield>
         <datafield tag="912" ind1=" " ind2="7">
            <subfield code="a">rs</subfield>
            <subfield code="2">SGBN</subfield>
         </datafield>
         <datafield tag="949" ind1=" " ind2=" ">
            <subfield code="B">RERO</subfield>
            <subfield code="F">RE31013</subfield>
            <subfield code="b">RE31013</subfield>
            <subfield code="c">RE310130001</subfield>
            <subfield code="j">A 15.1 g ZUPP 1989</subfield>
            <subfield code="s">NEDM 18398</subfield>
         </datafield>
         <datafield tag="949" ind1=" " ind2=" ">
            <subfield code="B">RERO</subfield>
            <subfield code="F">RE61050</subfield>
            <subfield code="b">RE61050</subfield>
            <subfield code="c">RE610500001</subfield>
            <subfield code="j">CA/CH 54 g ZUPP 1989</subfield>
            <subfield code="s">BFDA 13105</subfield>
         </datafield>
         <datafield tag="949" ind1=" " ind2=" ">
            <subfield code="B">RERO</subfield>
            <subfield code="F">RE61051</subfield>
            <subfield code="b">RE61051</subfield>
            <subfield code="c">RE610510005</subfield>
            <subfield code="j">CA/CH 15.1 g ZUPP 1989</subfield>
            <subfield code="s">BPJA 3100</subfield>
         </datafield>
         <datafield tag="949" ind1=" " ind2=" ">
            <subfield code="B">RERO</subfield>
            <subfield code="F">RE71060</subfield>
            <subfield code="b">RE71060</subfield>
            <subfield code="c">RE710600016</subfield>
            <subfield code="j">A V</subfield>
         </datafield>
         <datafield tag="949" ind1=" " ind2=" ">
            <subfield code="B">RERO</subfield>
            <subfield code="F">RE71080</subfield>
            <subfield code="b">RE71080</subfield>
            <subfield code="c">RE710800050</subfield>
            <subfield code="j">A 15.1 g ZUPP 1989</subfield>
         </datafield>
         <datafield tag="949" ind1=" " ind2=" ">
            <subfield code="B">VAUD</subfield>
            <subfield code="F">tchermi</subfield>
            <subfield code="b">tchermi</subfield>
            <subfield code="j">CA/CH 54 g ZUPP 1989</subfield>
            <subfield code="c">813010004</subfield>
         </datafield>
         <datafield tag="949" ind1=" " ind2=" ">
            <subfield code="B">VAUD</subfield>
            <subfield code="F">bcue</subfield>
            <subfield code="b">bcue</subfield>
            <subfield code="j">ZAB 12292 34.0.05ZUP</subfield>
            <subfield code="c">810030002</subfield>
         </datafield>
         <datafield tag="949" ind1=" " ind2=" ">
            <subfield code="B">ALEX</subfield>
            <subfield code="F">BIG</subfield>
            <subfield code="b">BIG</subfield>
            <subfield code="j">BIG NOG 8397</subfield>
            <subfield code="c">Artikel</subfield>
         </datafield>
         <datafield tag="949" ind1=" " ind2=" ">
            <subfield code="B">SGBN</subfield>
            <subfield code="F">SGKBV</subfield>
            <subfield code="b">SGKBV</subfield>
            <subfield code="c">KM</subfield>
            <subfield code="j">E 8947</subfield>
         </datafield>
         <datafield tag="950" ind1=" " ind2=" ">
            <subfield code="B">RERO</subfield>
            <subfield code="P">100</subfield>
            <subfield code="E">1-</subfield>
            <subfield code="a">Fessler</subfield>
            <subfield code="D">Ferdinand</subfield>
            <subfield code="0">(RERO)A003240423</subfield>
            <subfield code="4">cre</subfield>
         </datafield>
         <datafield tag="950" ind1=" " ind2=" ">
            <subfield code="B">RERO</subfield>
            <subfield code="P">773</subfield>
            <subfield code="E">1-</subfield>
            <subfield code="t">Schweizerische Steuerrecht : eine Standortbestimmung : Festschrift zum 70. Geburtstag von Prof. Dr. Ferdinand Zuppinger</subfield>
            <subfield code="g">S. 13-29</subfield>
            <subfield code="w">(RERO)001102959</subfield>
            <subfield code="9">270208453</subfield>
         </datafield>
         <datafield tag="950" ind1=" " ind2=" ">
            <subfield code="B">SGBN</subfield>
            <subfield code="P">100</subfield>
            <subfield code="E">1-</subfield>
            <subfield code="a">Fessler</subfield>
            <subfield code="D">Ferdinand</subfield>
         </datafield>
         <datafield tag="950" ind1=" " ind2=" ">
            <subfield code="B">SGBN</subfield>
            <subfield code="P">773</subfield>
            <subfield code="E">-A</subfield>
            <subfield code="t">Das schweizerische Steuerrecht</subfield>
            <subfield code="d">Bern : Stämpfli, 1989</subfield>
            <subfield code="g">S. 13-29</subfield>
            <subfield code="j">13-29</subfield>
            <subfield code="w">(SGBN)000097248</subfield>
            <subfield code="9">270208453</subfield>
         </datafield>
         <datafield tag="950" ind1=" " ind2=" ">
            <subfield code="B">VAUD</subfield>
            <subfield code="P">100</subfield>
            <subfield code="E">1-</subfield>
            <subfield code="a">Fessler</subfield>
            <subfield code="D">Ferdinand</subfield>
         </datafield>
         <datafield tag="950" ind1=" " ind2=" ">
            <subfield code="B">VAUD</subfield>
            <subfield code="P">773</subfield>
            <subfield code="E">1-</subfield>
            <subfield code="t">Schweizerische Steuerrecht : eine Standortbestimmung : Festschrift zum 70. Geburtstag von Prof. Dr. Ferdinand Zuppinger</subfield>
            <subfield code="g">S. 13-29</subfield>
         </datafield>
         <datafield tag="950" ind1=" " ind2=" ">
            <subfield code="B">IDSSG</subfield>
            <subfield code="P">100</subfield>
            <subfield code="E">1-</subfield>
            <subfield code="a">Fessler</subfield>
            <subfield code="D">Ferdinand</subfield>
            <subfield code="e">Verfasser</subfield>
            <subfield code="4">aut</subfield>
         </datafield>
         <datafield tag="950" ind1=" " ind2=" ">
            <subfield code="B">IDSSG</subfield>
            <subfield code="P">773</subfield>
            <subfield code="E">-A</subfield>
            <subfield code="t">Das schweizerische Steuerrecht</subfield>
            <subfield code="d">Bern : Stämpfli, 1989</subfield>
            <subfield code="g">S. 13-29</subfield>
            <subfield code="j">13-29</subfield>
         </datafield>
         <datafield tag="950" ind1=" " ind2=" ">
            <subfield code="B">ALEX</subfield>
            <subfield code="P">100</subfield>
            <subfield code="E">1-</subfield>
            <subfield code="a">Fessler</subfield>
            <subfield code="D">Ferdinand</subfield>
         </datafield>
         <datafield tag="950" ind1=" " ind2=" ">
            <subfield code="B">ALEX</subfield>
            <subfield code="P">773</subfield>
            <subfield code="E">0-</subfield>
            <subfield code="t">Schweizerische Steuerrecht : Festschrift zum 70. Geburtstag von Prof. Dr. Ferdinand Zuppinger</subfield>
            <subfield code="g">Bern, 1989. - S. 13-29</subfield>
            <subfield code="z">3727292202</subfield>
         </datafield>
      <datafield tag="690" ind1="H" ind2="D">
            <subfield code="8">PC</subfield>
            <subfield code="a">Einkommen- und Vermögensteuern, Ertrag- und Kapitalsteuern : Einkommensteuer allgemein</subfield>
            <subfield code="2">HSG-IFF</subfield>
        </datafield><datafield tag="690" ind1="H" ind2="D">
            <subfield code="8">PE</subfield>
            <subfield code="a">Einkommen- und Vermögensteuern, Ertrag- und Kapitalsteuern : Einkommen Selbständigerwerbender, Unternehmungsbesteuerung</subfield>
            <subfield code="2">HSG-IFF</subfield>
            </datafield></record>