<record xmlns:xs="http://www.w3.org/2001/XMLSchema">
         <leader>     cam a22     u  4500</leader>
         <controlfield tag="001">271363576</controlfield>
         <controlfield tag="003">CHVBK</controlfield>
         <controlfield tag="005">20190608090346.0</controlfield>
         <controlfield tag="008">130817s1970    gw |||||||||| 00   |ger d</controlfield>
         <datafield tag="035" ind1=" " ind2=" ">
            <subfield code="a">(IDSBB)000597154</subfield>
         </datafield>
         <datafield tag="035" ind1=" " ind2=" ">
            <subfield code="a">(NEBIS)002499280</subfield>
         </datafield>
         <datafield tag="035" ind1=" " ind2=" ">
            <subfield code="a">(RERO)1715883</subfield>
         </datafield>
         <datafield tag="040" ind1=" " ind2=" ">
            <subfield code="a">SzZuIDS BS/BE A100</subfield>
            <subfield code="b">ger</subfield>
            <subfield code="e">kids</subfield>
         </datafield>
         <datafield tag="072" ind1=" " ind2="7">
            <subfield code="a">s1dr</subfield>
            <subfield code="2">rero</subfield>
         </datafield>
         <datafield tag="082" ind1="0" ind2=" ">
            <subfield code="a">343.4307</subfield>
         </datafield>
         <datafield tag="082" ind1="1" ind2=" ">
            <subfield code="a">340</subfield>
            <subfield code="2">15</subfield>
         </datafield>
         <datafield tag="084" ind1=" " ind2=" ">
            <subfield code="a">PL 394</subfield>
            <subfield code="2">rvk</subfield>
         </datafield>
         <datafield tag="084" ind1=" " ind2=" ">
            <subfield code="a">PN 238</subfield>
            <subfield code="2">rvk</subfield>
         </datafield>
         <datafield tag="084" ind1=" " ind2=" ">
            <subfield code="a">PN 754</subfield>
            <subfield code="2">rvk</subfield>
         </datafield>
         <datafield tag="084" ind1=" " ind2=" ">
            <subfield code="a">QN 300</subfield>
            <subfield code="2">rvk</subfield>
         </datafield>
         <datafield tag="100" ind1="1" ind2=" ">
            <subfield code="a">Stachels</subfield>
            <subfield code="D">Elmar</subfield>
         </datafield>
         <datafield tag="245" ind1="1" ind2="4">
            <subfield code="a">Das Stabilitätsgesetz im system des Regierungshandelns</subfield>
            <subfield code="c">Elmar Stachels</subfield>
         </datafield>
         <datafield tag="264" ind1=" " ind2="1">
            <subfield code="a">Berlin</subfield>
            <subfield code="b">De Gruyter</subfield>
            <subfield code="c">1970</subfield>
         </datafield>
         <datafield tag="300" ind1=" " ind2=" ">
            <subfield code="a">XXVIII, 209 S.</subfield>
            <subfield code="c">8'</subfield>
         </datafield>
         <datafield tag="490" ind1="1" ind2=" ">
            <subfield code="a">Neue Kölner rechtswissenschaftliche Abhandlungen</subfield>
            <subfield code="v">H. 69</subfield>
            <subfield code="i">69</subfield>
            <subfield code="w">(IDSBB)000069625</subfield>
            <subfield code="9">265284686</subfield>
         </datafield>
         <datafield tag="500" ind1=" " ind2=" ">
            <subfield code="a">Ed. commerciale de la thèse de Köln, 1969</subfield>
         </datafield>
         <datafield tag="504" ind1=" " ind2=" ">
            <subfield code="a">Bibliogr.</subfield>
         </datafield>
         <datafield tag="650" ind1=" " ind2="7">
            <subfield code="a">Konjunkturpolitik</subfield>
            <subfield code="0">(DE-588)4032128-9</subfield>
            <subfield code="2">gnd</subfield>
         </datafield>
         <datafield tag="650" ind1=" " ind2="7">
            <subfield code="a">Wachstumspolitik</subfield>
            <subfield code="0">(DE-588)4124417-5</subfield>
            <subfield code="2">gnd</subfield>
         </datafield>
         <datafield tag="650" ind1=" " ind2="7">
            <subfield code="a">Stabilité politique</subfield>
            <subfield code="0">(RERO)A021039552</subfield>
            <subfield code="2">rero</subfield>
         </datafield>
         <datafield tag="650" ind1=" " ind2="7">
            <subfield code="a">Droit public</subfield>
            <subfield code="0">(RERO)A021067546</subfield>
            <subfield code="2">rero</subfield>
         </datafield>
         <datafield tag="650" ind1=" " ind2="7">
            <subfield code="a">Régimes politiques</subfield>
            <subfield code="0">(RERO)A021066030</subfield>
            <subfield code="2">rero</subfield>
         </datafield>
         <datafield tag="651" ind1=" " ind2="7">
            <subfield code="a">Allemagne fédérale</subfield>
            <subfield code="0">(RERO)A009955866</subfield>
            <subfield code="2">rero</subfield>
         </datafield>
         <datafield tag="690" ind1=" " ind2="7">
            <subfield code="B">u</subfield>
            <subfield code="a">Konjunkturpolitik / Einzelne Gebiete und Orte / Europa / Deutschland</subfield>
            <subfield code="2">idszbz Z9</subfield>
         </datafield>
         <datafield tag="691" ind1=" " ind2="7">
            <subfield code="2">rero dr-sys</subfield>
            <subfield code="u">CA/D 53 h</subfield>
         </datafield>
         <datafield tag="830" ind1=" " ind2="0">
            <subfield code="a">Neue Kölner Rechtswissenschaftliche Abhandlungen</subfield>
            <subfield code="v">69</subfield>
         </datafield>
         <datafield tag="912" ind1=" " ind2="7">
            <subfield code="a">ra</subfield>
            <subfield code="2">SzZuIDS BS/BE</subfield>
         </datafield>
         <datafield tag="950" ind1=" " ind2=" ">
            <subfield code="B">IDSBB</subfield>
            <subfield code="P">100</subfield>
            <subfield code="E">1-</subfield>
            <subfield code="a">Stachels</subfield>
            <subfield code="D">Elmar</subfield>
         </datafield>
         <datafield tag="950" ind1=" " ind2=" ">
            <subfield code="B">IDSBB</subfield>
            <subfield code="P">490</subfield>
            <subfield code="E">0-</subfield>
            <subfield code="a">Neue Kölner rechtswissenschaftliche Abhandlungen</subfield>
            <subfield code="v">H. 69</subfield>
            <subfield code="i">69</subfield>
            <subfield code="w">(IDSBB)000069625</subfield>
            <subfield code="9">265284686</subfield>
         </datafield>
         <datafield tag="950" ind1=" " ind2=" ">
            <subfield code="B">NEBIS</subfield>
            <subfield code="P">100</subfield>
            <subfield code="E">1-</subfield>
            <subfield code="a">Stachels</subfield>
            <subfield code="D">Elmar</subfield>
         </datafield>
         <datafield tag="950" ind1=" " ind2=" ">
            <subfield code="B">NEBIS</subfield>
            <subfield code="P">490</subfield>
            <subfield code="E">--</subfield>
            <subfield code="a">Neue Kölner rechtswissenschaftliche Abhandlungen</subfield>
            <subfield code="v">Heft 69</subfield>
            <subfield code="i">69</subfield>
            <subfield code="w">(NEBIS)000988033</subfield>
            <subfield code="9">134429524</subfield>
         </datafield>
         <datafield tag="950" ind1=" " ind2=" ">
            <subfield code="B">RERO</subfield>
            <subfield code="P">100</subfield>
            <subfield code="E">1-</subfield>
            <subfield code="a">Stachels</subfield>
            <subfield code="D">Elmar</subfield>
            <subfield code="0">(RERO)A003856061</subfield>
            <subfield code="4">cre</subfield>
         </datafield>
         <datafield tag="950" ind1=" " ind2=" ">
            <subfield code="B">RERO</subfield>
            <subfield code="P">490</subfield>
            <subfield code="E">1-</subfield>
            <subfield code="a">Neue Kölner rechtswissenschaftliche Abhandlungen</subfield>
            <subfield code="v">H. 69</subfield>
         </datafield>
         <datafield tag="950" ind1=" " ind2=" ">
            <subfield code="B">RERO</subfield>
            <subfield code="P">830</subfield>
            <subfield code="E">--</subfield>
            <subfield code="a">Neue Kölner Rechtswissenschaftliche Abhandlungen</subfield>
            <subfield code="v">69</subfield>
         </datafield>
         <datafield tag="986" ind1=" " ind2=" ">
            <subfield code="a">SWISSBIB</subfield>
            <subfield code="b">271363576</subfield>
         </datafield>
         <datafield tag="898" ind1=" " ind2=" ">
            <subfield code="a">BK020000</subfield>
            <subfield code="b">XK020000</subfield>
            <subfield code="c">XK020000</subfield>
         </datafield>
         <datafield tag="949" ind1=" " ind2=" ">
            <subfield code="B">NEBIS</subfield>
            <subfield code="F">E16</subfield>
            <subfield code="b">E16</subfield>
            <subfield code="c">K1</subfield>
            <subfield code="j">RR 6045</subfield>
         </datafield>
         <datafield tag="949" ind1=" " ind2=" ">
            <subfield code="B">NEBIS</subfield>
            <subfield code="F">Z01</subfield>
            <subfield code="b">Z01</subfield>
            <subfield code="c">04</subfield>
            <subfield code="j">TC 400: 69</subfield>
         </datafield>
         <datafield tag="949" ind1=" " ind2=" ">
            <subfield code="B">RERO</subfield>
            <subfield code="F">RE01001</subfield>
            <subfield code="b">RE01001</subfield>
            <subfield code="c">RE010010001</subfield>
            <subfield code="j">UD 70.676</subfield>
         </datafield>
         <datafield tag="949" ind1=" " ind2=" ">
            <subfield code="B">RERO</subfield>
            <subfield code="F">RE61096</subfield>
            <subfield code="b">RE61096</subfield>
            <subfield code="c">RE610960003</subfield>
            <subfield code="j">BFDAS 19925</subfield>
            <subfield code="s">CA/D 53 h STAC 1970</subfield>
         </datafield>
         <datafield tag="949" ind1=" " ind2=" ">
            <subfield code="B">IDSBB</subfield>
            <subfield code="F">A100</subfield>
            <subfield code="b">A100</subfield>
            <subfield code="c">100ZM</subfield>
            <subfield code="j">UBH Jur Zs 339a:69</subfield>
            <subfield code="x">Akz: ba/uub-/u</subfield>
         </datafield>
         <datafield tag="949" ind1=" " ind2=" ">
            <subfield code="B">IDSBB</subfield>
            <subfield code="F">B400</subfield>
            <subfield code="b">B400</subfield>
            <subfield code="c">400J6</subfield>
            <subfield code="j">BeM ZB Jus z 298 : 69</subfield>
            <subfield code="x">Akz.: be/stub/u</subfield>
         </datafield>
      <datafield tag="690" ind1="H" ind2="D">
            <subfield code="8">YN</subfield>
            <subfield code="a">Wirtschaftswissenschaften : Konjunkturschwankungen, Stabilitätspolitik</subfield>
            <subfield code="2">HSG-IFF</subfield>
        </datafield></record>