<record xmlns:xs="http://www.w3.org/2001/XMLSchema">
         <leader>     nam a22     4  4500</leader>
         <controlfield tag="001">567009246</controlfield>
         <controlfield tag="003">CHVBK</controlfield>
         <controlfield tag="005">20190608100117.0</controlfield>
         <controlfield tag="008">190608s1993    gw            00    ger d</controlfield>
         <datafield tag="020" ind1=" " ind2=" ">
            <subfield code="a">3-88513-090-4</subfield>
         </datafield>
         <datafield tag="035" ind1=" " ind2=" ">
            <subfield code="a">(IDSBB)003210409</subfield>
         </datafield>
         <datafield tag="035" ind1=" " ind2=" ">
            <subfield code="a">(IDSSG)000992239</subfield>
         </datafield>
         <datafield tag="035" ind1=" " ind2=" ">
            <subfield code="a">(OCoLC)263256870</subfield>
         </datafield>
         <datafield tag="035" ind1=" " ind2=" ">
            <subfield code="a">(IDSBB)003210409</subfield>
         </datafield>
         <datafield tag="040" ind1=" " ind2=" ">
            <subfield code="a">PHZH UPBEA</subfield>
            <subfield code="d">SzZuIDS BS/BE B450</subfield>
            <subfield code="e">kids</subfield>
         </datafield>
         <datafield tag="044" ind1=" " ind2=" ">
            <subfield code="a">gw</subfield>
         </datafield>
         <datafield tag="084" ind1=" " ind2=" ">
            <subfield code="a">DW 1015</subfield>
            <subfield code="2">rvk</subfield>
         </datafield>
         <datafield tag="100" ind1="1" ind2=" ">
            <subfield code="a">Nuissl</subfield>
            <subfield code="D">Ekkehard</subfield>
            <subfield code="d">1946-</subfield>
            <subfield code="0">(DE-588)11581938X</subfield>
         </datafield>
         <datafield tag="245" ind1="1" ind2="0">
            <subfield code="a">Betrieb statt Behörde</subfield>
            <subfield code="b">die Hamburger Volkshochschule im Wandel</subfield>
            <subfield code="c">Ekkehard Nuissl, Hans-Joachim Schuldt</subfield>
         </datafield>
         <datafield tag="264" ind1=" " ind2="1">
            <subfield code="a">Frankfurt a.M.</subfield>
            <subfield code="b">Pädagogische Arbeitsstelle des Deutschen Volkshochschul-Verbandes</subfield>
            <subfield code="c">1993</subfield>
         </datafield>
         <datafield tag="300" ind1=" " ind2=" ">
            <subfield code="a">116 S.</subfield>
         </datafield>
         <datafield tag="490" ind1="0" ind2=" ">
            <subfield code="a">Berichte - Materialien - Planungshilfen</subfield>
            <subfield code="w">(IDSBB)001528464</subfield>
            <subfield code="9">298868709</subfield>
         </datafield>
         <datafield tag="650" ind1=" " ind2="7">
            <subfield code="a">Volkshochschule</subfield>
            <subfield code="0">(DE-588)4136151-9</subfield>
            <subfield code="2">gnd</subfield>
         </datafield>
         <datafield tag="651" ind1=" " ind2="7">
            <subfield code="a">Hamburg</subfield>
            <subfield code="0">(DE-588)4023118-5</subfield>
            <subfield code="2">gnd</subfield>
         </datafield>
         <datafield tag="690" ind1=" " ind2="7">
            <subfield code="B">u</subfield>
            <subfield code="a">Weiterbildungs-Management</subfield>
            <subfield code="2">idsbb BW</subfield>
         </datafield>
         <datafield tag="690" ind1=" " ind2="7">
            <subfield code="B">u</subfield>
            <subfield code="a">Weiterbildungs-Institutionen</subfield>
            <subfield code="2">idsbb BW</subfield>
         </datafield>
         <datafield tag="690" ind1=" " ind2="7">
            <subfield code="B">u</subfield>
            <subfield code="u">YQ</subfield>
            <subfield code="a">Wirtschaftswissenschaften : Spezielle Betriebswirtschaftslehren</subfield>
            <subfield code="2">idssg HD</subfield>
         </datafield>
         <datafield tag="700" ind1="1" ind2=" ">
            <subfield code="a">Schuldt</subfield>
            <subfield code="D">Hans-Joachim</subfield>
         </datafield>
         <datafield tag="950" ind1=" " ind2=" ">
            <subfield code="B">IDSBB</subfield>
            <subfield code="P">100</subfield>
            <subfield code="E">1-</subfield>
            <subfield code="a">Nuissl</subfield>
            <subfield code="D">Ekkehard</subfield>
            <subfield code="d">1946-</subfield>
            <subfield code="0">(DE-588)11581938X</subfield>
         </datafield>
         <datafield tag="950" ind1=" " ind2=" ">
            <subfield code="B">IDSBB</subfield>
            <subfield code="P">490</subfield>
            <subfield code="E">0-</subfield>
            <subfield code="a">Berichte - Materialien - Planungshilfen</subfield>
            <subfield code="w">(IDSBB)001528464</subfield>
            <subfield code="9">298868709</subfield>
         </datafield>
         <datafield tag="950" ind1=" " ind2=" ">
            <subfield code="B">IDSBB</subfield>
            <subfield code="P">700</subfield>
            <subfield code="E">1-</subfield>
            <subfield code="a">Schuldt</subfield>
            <subfield code="D">Hans-Joachim</subfield>
         </datafield>
         <datafield tag="950" ind1=" " ind2=" ">
            <subfield code="B">IDSSG</subfield>
            <subfield code="P">100</subfield>
            <subfield code="E">1-</subfield>
            <subfield code="a">Nuissl</subfield>
            <subfield code="D">Ekkehard</subfield>
            <subfield code="d">1946</subfield>
            <subfield code="e">Verfasser</subfield>
            <subfield code="4">aut</subfield>
         </datafield>
         <datafield tag="950" ind1=" " ind2=" ">
            <subfield code="B">IDSSG</subfield>
            <subfield code="P">490</subfield>
            <subfield code="E">0-</subfield>
            <subfield code="a">Berichte - Materialien - Planungshilfen</subfield>
         </datafield>
         <datafield tag="950" ind1=" " ind2=" ">
            <subfield code="B">IDSSG</subfield>
            <subfield code="P">700</subfield>
            <subfield code="E">1-</subfield>
            <subfield code="a">Schuldt</subfield>
            <subfield code="D">Hans-Joachim</subfield>
         </datafield>
         <datafield tag="898" ind1=" " ind2=" ">
            <subfield code="a">BK020000</subfield>
            <subfield code="b">XK020000</subfield>
            <subfield code="c">XK020000</subfield>
         </datafield>
         <datafield tag="949" ind1=" " ind2=" ">
            <subfield code="B">IDSBB</subfield>
            <subfield code="F">B571</subfield>
            <subfield code="b">B571</subfield>
            <subfield code="c">FH</subfield>
            <subfield code="j">ZUW 108.16/ 46</subfield>
         </datafield>
         <datafield tag="949" ind1=" " ind2=" ">
            <subfield code="B">IDSSG</subfield>
            <subfield code="F">HIFF</subfield>
            <subfield code="b">HIFF</subfield>
            <subfield code="c">IFF</subfield>
            <subfield code="j">EH 134</subfield>
         </datafield>
      <datafield tag="690" ind1="H" ind2="D">
            <subfield code="8">YQ</subfield>
            <subfield code="a">Wirtschaftswissenschaften : Spezielle Betriebswirtschaftslehren</subfield>
            <subfield code="2">HSG-IFF</subfield>
        </datafield></record>