<record xmlns:xs="http://www.w3.org/2001/XMLSchema">
         <leader>     cam a22     u  4500</leader>
         <controlfield tag="001">300251181</controlfield>
         <controlfield tag="003">CHVBK</controlfield>
         <controlfield tag="005">20190516062454.0</controlfield>
         <controlfield tag="008">131021s1990    gw            00    ger  </controlfield>
         <datafield tag="020" ind1=" " ind2=" ">
            <subfield code="a">3-7775-0311-8</subfield>
         </datafield>
         <datafield tag="035" ind1=" " ind2=" ">
            <subfield code="a">(IDSSG)000033784</subfield>
         </datafield>
         <datafield tag="035" ind1=" " ind2=" ">
            <subfield code="a">(NEBIS)000638155</subfield>
         </datafield>
         <datafield tag="035" ind1=" " ind2=" ">
            <subfield code="a">(ALEX)9911010804101791</subfield>
         </datafield>
         <datafield tag="040" ind1=" " ind2=" ">
            <subfield code="a">SzZuIDS HSG</subfield>
            <subfield code="b">ger</subfield>
            <subfield code="e">kids</subfield>
         </datafield>
         <datafield tag="100" ind1="1" ind2=" ">
            <subfield code="a">Deyhle</subfield>
            <subfield code="D">Albrecht</subfield>
         </datafield>
         <datafield tag="245" ind1="1" ind2="0">
            <subfield code="a">Controller-Handbuch</subfield>
            <subfield code="b">enzyklopädisches Lexikon für die Controller-Praxis</subfield>
            <subfield code="c">Albrecht Deyhle ; hrsg. von Controller-Akademie</subfield>
         </datafield>
         <datafield tag="250" ind1=" " ind2=" ">
            <subfield code="a">3., neugeschriebene Aufl.</subfield>
         </datafield>
         <datafield tag="264" ind1=" " ind2="1">
            <subfield code="a">Gauting</subfield>
            <subfield code="b">Management Service Verlag</subfield>
            <subfield code="c">1990</subfield>
         </datafield>
         <datafield tag="300" ind1=" " ind2=" ">
            <subfield code="a">6 Bde. 1261 S.</subfield>
            <subfield code="b">Graph., Tab.</subfield>
         </datafield>
         <datafield tag="490" ind1="1" ind2=" ">
            <subfield code="a">Management Pockets</subfield>
            <subfield code="v">11-16</subfield>
            <subfield code="i">11</subfield>
            <subfield code="w">(IDSSG)000302882</subfield>
            <subfield code="9">358654572</subfield>
         </datafield>
         <datafield tag="500" ind1=" " ind2=" ">
            <subfield code="a">andere Ausgabe: Controller-Handbuch</subfield>
         </datafield>
         <datafield tag="520" ind1="3" ind2=" ">
            <subfield code="a">Band 1: ABC-Analyse bis controllers Thementeppich. - Band 2: Controlling &amp; Controller bis Hauslexikon. - Band 3: Hilskostenstellen bis Leitbild. - Band 4: management bis profit centers. - Band 5: Prognosen bis Unternehmensplanung. - Band 6: Unternehmensplanung: Formular-set bis Ziele.</subfield>
         </datafield>
         <datafield tag="650" ind1=" " ind2="7">
            <subfield code="a">Controlling</subfield>
            <subfield code="0">(DE-588)4070102-5</subfield>
            <subfield code="2">gnd</subfield>
         </datafield>
         <datafield tag="655" ind1=" " ind2="7">
            <subfield code="a">Wörterbuch</subfield>
            <subfield code="2">gnd-content</subfield>
         </datafield>
         <datafield tag="690" ind1=" " ind2="7">
            <subfield code="B">s</subfield>
            <subfield code="a">Controlling</subfield>
            <subfield code="2">alex midonas</subfield>
         </datafield>
         <datafield tag="690" ind1=" " ind2="7">
            <subfield code="B">s</subfield>
            <subfield code="a">Handbücher</subfield>
            <subfield code="2">alex midonas</subfield>
         </datafield>
         <datafield tag="691" ind1=" " ind2="7">
            <subfield code="B">u</subfield>
            <subfield code="a">CONTROLLING (BETRIEBSWIRTSCHAFT)</subfield>
            <subfield code="z">ger</subfield>
            <subfield code="u">65,03.02.02.03</subfield>
            <subfield code="2">nebis E1</subfield>
         </datafield>
         <datafield tag="691" ind1=" " ind2="7">
            <subfield code="B">u</subfield>
            <subfield code="a">FACHLICHE NACHSCHLAGEWERKE + FACHLEXIKA + HANDBÜCHER (DOKUMENTENTYP)</subfield>
            <subfield code="z">ger</subfield>
            <subfield code="u">(032)</subfield>
            <subfield code="2">nebis E1</subfield>
         </datafield>
         <datafield tag="691" ind1=" " ind2="7">
            <subfield code="B">u</subfield>
            <subfield code="a">CONTROLLING (ECONOMIE D'ENTREPRISE)</subfield>
            <subfield code="z">fre</subfield>
            <subfield code="u">65,03.02.02.03</subfield>
            <subfield code="2">nebis E1</subfield>
         </datafield>
         <datafield tag="691" ind1=" " ind2="7">
            <subfield code="B">u</subfield>
            <subfield code="a">CONTROLLING (BUSINESS ECONOMICS)</subfield>
            <subfield code="z">eng</subfield>
            <subfield code="u">65,03.02.02.03</subfield>
            <subfield code="2">nebis E1</subfield>
         </datafield>
         <datafield tag="691" ind1=" " ind2="7">
            <subfield code="B">u</subfield>
            <subfield code="a">OUVRAGES DE RÉFÉRENCE SPÉCIALISÉS + ENCYCLOPÉDIES SPÉCIALISÉES + MANUELS (TYPE DE DOCUMENT)</subfield>
            <subfield code="z">fre</subfield>
            <subfield code="u">(032)</subfield>
            <subfield code="2">nebis E1</subfield>
         </datafield>
         <datafield tag="691" ind1=" " ind2="7">
            <subfield code="B">u</subfield>
            <subfield code="a">SPECIALIZED REFERENCE WORKS + SPECIALIZED ENCYCLOPAEDIAS + HANDBOOKS (DOCUMENT TYPE)</subfield>
            <subfield code="z">eng</subfield>
            <subfield code="u">(032)</subfield>
            <subfield code="2">nebis E1</subfield>
         </datafield>
         <datafield tag="710" ind1="2" ind2=" ">
            <subfield code="a">CA Controller Akademie</subfield>
            <subfield code="0">(DE-588)10099129-4</subfield>
         </datafield>
         <datafield tag="830" ind1=" " ind2="0">
            <subfield code="a">Management Pockets, Nr.11 - 16</subfield>
         </datafield>
         <datafield tag="950" ind1=" " ind2=" ">
            <subfield code="B">IDSSG</subfield>
            <subfield code="P">100</subfield>
            <subfield code="E">1-</subfield>
            <subfield code="a">Deyhle</subfield>
            <subfield code="D">Albrecht</subfield>
         </datafield>
         <datafield tag="950" ind1=" " ind2=" ">
            <subfield code="B">IDSSG</subfield>
            <subfield code="P">490</subfield>
            <subfield code="E">0-</subfield>
            <subfield code="a">Management Pockets</subfield>
            <subfield code="v">11-16</subfield>
            <subfield code="i">11</subfield>
            <subfield code="w">(IDSSG)000302882</subfield>
            <subfield code="9">358654572</subfield>
         </datafield>
         <datafield tag="950" ind1=" " ind2=" ">
            <subfield code="B">IDSSG</subfield>
            <subfield code="P">710</subfield>
            <subfield code="E">2-</subfield>
            <subfield code="a">CA Controller Akademie</subfield>
            <subfield code="0">(DE-588)10099129-4</subfield>
         </datafield>
         <datafield tag="950" ind1=" " ind2=" ">
            <subfield code="B">NEBIS</subfield>
            <subfield code="P">490</subfield>
            <subfield code="E">--</subfield>
            <subfield code="a">Management pockets</subfield>
         </datafield>
         <datafield tag="950" ind1=" " ind2=" ">
            <subfield code="B">NEBIS</subfield>
            <subfield code="P">700</subfield>
            <subfield code="E">1-</subfield>
            <subfield code="a">Deyhle</subfield>
            <subfield code="D">Albrecht</subfield>
         </datafield>
         <datafield tag="950" ind1=" " ind2=" ">
            <subfield code="B">NEBIS</subfield>
            <subfield code="P">710</subfield>
            <subfield code="E">2-</subfield>
            <subfield code="a">Controller-Akademie</subfield>
            <subfield code="g">Gauting</subfield>
            <subfield code="0">(DE-588)1086304446</subfield>
         </datafield>
         <datafield tag="950" ind1=" " ind2=" ">
            <subfield code="B">ALEX</subfield>
            <subfield code="P">100</subfield>
            <subfield code="E">1-</subfield>
            <subfield code="a">Deyhle</subfield>
            <subfield code="D">Albrecht</subfield>
         </datafield>
         <datafield tag="950" ind1=" " ind2=" ">
            <subfield code="B">ALEX</subfield>
            <subfield code="P">490</subfield>
            <subfield code="E">1-</subfield>
            <subfield code="a">Management Pockets, Nr.11 - 16</subfield>
         </datafield>
         <datafield tag="950" ind1=" " ind2=" ">
            <subfield code="B">ALEX</subfield>
            <subfield code="P">830</subfield>
            <subfield code="E">--</subfield>
            <subfield code="a">Management Pockets, Nr.11 - 16</subfield>
         </datafield>
         <datafield tag="986" ind1=" " ind2=" ">
            <subfield code="a">SWISSBIB</subfield>
            <subfield code="b">117910074</subfield>
         </datafield>
         <datafield tag="898" ind1=" " ind2=" ">
            <subfield code="a">BK020000</subfield>
            <subfield code="b">XK020000</subfield>
            <subfield code="c">XK020000</subfield>
         </datafield>
         <datafield tag="897" ind1=" " ind2=" ">
            <subfield code="a">b</subfield>
            <subfield code="b">6</subfield>
         </datafield>
         <datafield tag="852" ind1="4" ind2=" ">
            <subfield code="B">NEBIS</subfield>
            <subfield code="F">E01</subfield>
            <subfield code="b">E01</subfield>
            <subfield code="c">LS</subfield>
            <subfield code="j">7441</subfield>
            <subfield code="c">MG</subfield>
            <subfield code="a">1-6</subfield>
         </datafield>
         <datafield tag="852" ind1="4" ind2=" ">
            <subfield code="B">NEBIS</subfield>
            <subfield code="F">E57</subfield>
            <subfield code="b">E57</subfield>
            <subfield code="j">264/ 97</subfield>
            <subfield code="a">Bde. 1-6</subfield>
         </datafield>
         <datafield tag="949" ind1=" " ind2=" ">
            <subfield code="B">IDSSG</subfield>
            <subfield code="F">HSG</subfield>
            <subfield code="b">SGSBI</subfield>
            <subfield code="c">BURON</subfield>
            <subfield code="j">QP 361 D528 (3)-1</subfield>
            <subfield code="z">Bd. 1: ABC-Analyse bis Controller's Thementeppich</subfield>
         </datafield>
         <datafield tag="949" ind1=" " ind2=" ">
            <subfield code="B">IDSSG</subfield>
            <subfield code="F">HSG</subfield>
            <subfield code="b">SGSBI</subfield>
            <subfield code="c">BURON</subfield>
            <subfield code="j">QP 361 D528 (3)-2</subfield>
            <subfield code="z">Bd. 2: Controlling und Controller bis Hauslexikon</subfield>
         </datafield>
         <datafield tag="949" ind1=" " ind2=" ">
            <subfield code="B">IDSSG</subfield>
            <subfield code="F">HSG</subfield>
            <subfield code="b">SGSBI</subfield>
            <subfield code="c">BURON</subfield>
            <subfield code="j">QP 361 D528 (3)-3</subfield>
            <subfield code="z">Bd. 3: Hilfskostenstellen bis Leitbild</subfield>
         </datafield>
         <datafield tag="949" ind1=" " ind2=" ">
            <subfield code="B">IDSSG</subfield>
            <subfield code="F">HSG</subfield>
            <subfield code="b">SGSBI</subfield>
            <subfield code="c">BURON</subfield>
            <subfield code="j">QP 361 D528 (3)-4</subfield>
            <subfield code="z">Bd. 4: Management bis Profit Centers</subfield>
         </datafield>
         <datafield tag="949" ind1=" " ind2=" ">
            <subfield code="B">IDSSG</subfield>
            <subfield code="F">HSG</subfield>
            <subfield code="b">SGSBI</subfield>
            <subfield code="c">BURON</subfield>
            <subfield code="j">QP 361 D528 (3)-5</subfield>
            <subfield code="z">Bd. 5: Prognosen bis Unternehmensplanung</subfield>
         </datafield>
         <datafield tag="949" ind1=" " ind2=" ">
            <subfield code="B">IDSSG</subfield>
            <subfield code="F">HSG</subfield>
            <subfield code="b">SGSBI</subfield>
            <subfield code="c">BURON</subfield>
            <subfield code="j">QP 361 D528 (3)-6</subfield>
            <subfield code="z">Bd. 6: Unternehmensplanung: Formularset bis Ziele</subfield>
         </datafield>
         <datafield tag="949" ind1=" " ind2=" ">
            <subfield code="B">IDSSG</subfield>
            <subfield code="F">HIFF</subfield>
            <subfield code="b">HIFF</subfield>
            <subfield code="c">IFF</subfield>
            <subfield code="j">VE 122 6</subfield>
         </datafield>
         <datafield tag="949" ind1=" " ind2=" ">
            <subfield code="B">ALEX</subfield>
            <subfield code="F">RUAG-A</subfield>
            <subfield code="b">RUAG-A</subfield>
            <subfield code="j">RUAG-A B 5728 1-6 STO-D-MAR</subfield>
            <subfield code="c">Bibliothek</subfield>
         </datafield>
      <datafield tag="690" ind1="H" ind2="D">
            <subfield code="8">YL2</subfield>
            <subfield code="a">Wirtschaftswissenschaften : Finanzwissenschaft. Betriebswirtschaftliche Steuerlehre : Haushaltsaufstellung, -verwaltung und -kontrolle</subfield>
            <subfield code="2">HSG-IFF</subfield>
        </datafield></record>