<record xmlns:xs="http://www.w3.org/2001/XMLSchema">
         <leader>     cam a22     7  4500</leader>
         <controlfield tag="001">365930938</controlfield>
         <controlfield tag="003">CHVBK</controlfield>
         <controlfield tag="005">20190511133514.0</controlfield>
         <controlfield tag="007">cr nn|008mamaa</controlfield>
         <controlfield tag="008">860718s1984    xx -----s---- 10  --ger-d</controlfield>
         <datafield tag="020" ind1=" " ind2=" ">
            <subfield code="a">3-540-13328-3</subfield>
            <subfield code="q">Berlin</subfield>
         </datafield>
         <datafield tag="020" ind1=" " ind2=" ">
            <subfield code="a">0-387-13328-3</subfield>
            <subfield code="q">New York</subfield>
         </datafield>
         <datafield tag="020" ind1=" " ind2=" ">
            <subfield code="a">978-3-642-85738-6</subfield>
            <subfield code="q">eISBN</subfield>
         </datafield>
         <datafield tag="024" ind1="7" ind2=" ">
            <subfield code="a">10.1007/978-3-642-85738-6</subfield>
            <subfield code="2">doi</subfield>
         </datafield>
         <datafield tag="035" ind1=" " ind2=" ">
            <subfield code="a">(OCoLC)633805026</subfield>
         </datafield>
         <datafield tag="035" ind1=" " ind2=" ">
            <subfield code="a">(IDSSG)000875206</subfield>
         </datafield>
         <datafield tag="040" ind1=" " ind2=" ">
            <subfield code="a">SzZuIDS BS/BE A125</subfield>
            <subfield code="b">ger</subfield>
            <subfield code="d">SzZuIDS HSG</subfield>
            <subfield code="e">kids</subfield>
         </datafield>
         <datafield tag="050" ind1=" " ind2=" ">
            <subfield code="a">HB71-74</subfield>
         </datafield>
         <datafield tag="082" ind1="0" ind2=" ">
            <subfield code="a">330</subfield>
            <subfield code="2">23</subfield>
         </datafield>
         <datafield tag="245" ind1="0" ind2="0">
            <subfield code="a">Beiträge zur neueren Steuertheorie</subfield>
            <subfield code="b">Referate des finanztheoretischen Seminars im Kloster Neustift bei Brixen 1983</subfield>
            <subfield code="c">hrsg. von D. Bös ... [et al.]</subfield>
         </datafield>
         <datafield tag="264" ind1=" " ind2="1">
            <subfield code="a">Berlin</subfield>
            <subfield code="b">Springer</subfield>
            <subfield code="c">1984</subfield>
         </datafield>
         <datafield tag="300" ind1=" " ind2=" ">
            <subfield code="a">1 Online-Ressource (267 S.)</subfield>
         </datafield>
         <datafield tag="336" ind1=" " ind2=" ">
            <subfield code="a">Text</subfield>
            <subfield code="b">txt</subfield>
            <subfield code="2">rdacontent/ger</subfield>
         </datafield>
         <datafield tag="337" ind1=" " ind2=" ">
            <subfield code="a">Computermedien</subfield>
            <subfield code="b">c</subfield>
            <subfield code="2">rdamedia/ger</subfield>
         </datafield>
         <datafield tag="338" ind1=" " ind2=" ">
            <subfield code="a">Online-Ressource</subfield>
            <subfield code="b">cr</subfield>
            <subfield code="2">rdacarrier/ger</subfield>
         </datafield>
         <datafield tag="490" ind1="0" ind2=" ">
            <subfield code="a">Studies in contemporary economics</subfield>
            <subfield code="v">7</subfield>
            <subfield code="i">7</subfield>
            <subfield code="w">(IDSSG)000237602</subfield>
            <subfield code="9">271889985</subfield>
         </datafield>
         <datafield tag="650" ind1=" " ind2="7">
            <subfield code="a">Steuergerechtigkeit</subfield>
            <subfield code="0">(DE-588)4057437-4</subfield>
            <subfield code="2">gnd</subfield>
         </datafield>
         <datafield tag="655" ind1=" " ind2="7">
            <subfield code="a">Konferenzschrift</subfield>
            <subfield code="z">Brixen</subfield>
            <subfield code="y">1983</subfield>
            <subfield code="2">gnd-content</subfield>
         </datafield>
         <datafield tag="700" ind1="1" ind2=" ">
            <subfield code="a">Bös</subfield>
            <subfield code="D">Dieter</subfield>
         </datafield>
         <datafield tag="856" ind1="4" ind2=" ">
            <subfield code="u">https://doi.org/10.1007/978-3-642-85738-6</subfield>
            <subfield code="z">Volltext für Angehörige der Universität St. Gallen</subfield>
         </datafield>
         <datafield tag="950" ind1=" " ind2=" ">
            <subfield code="B">IDSSG</subfield>
            <subfield code="P">490</subfield>
            <subfield code="E">0-</subfield>
            <subfield code="a">Studies in contemporary economics</subfield>
            <subfield code="v">7</subfield>
            <subfield code="i">7</subfield>
            <subfield code="w">(IDSSG)000237602</subfield>
            <subfield code="9">271889985</subfield>
         </datafield>
         <datafield tag="950" ind1=" " ind2=" ">
            <subfield code="B">IDSSG</subfield>
            <subfield code="P">700</subfield>
            <subfield code="E">1-</subfield>
            <subfield code="a">Bös</subfield>
            <subfield code="D">Dieter</subfield>
         </datafield>
         <datafield tag="950" ind1=" " ind2=" ">
            <subfield code="B">IDSSG</subfield>
            <subfield code="P">856</subfield>
            <subfield code="E">4-</subfield>
            <subfield code="u">https://doi.org/10.1007/978-3-642-85738-6</subfield>
            <subfield code="z">Volltext für Angehörige der Universität St. Gallen</subfield>
         </datafield>
         <datafield tag="986" ind1=" " ind2=" ">
            <subfield code="a">SWISSBIB</subfield>
            <subfield code="b">298781174</subfield>
         </datafield>
         <datafield tag="898" ind1=" " ind2=" ">
            <subfield code="a">BK020853</subfield>
            <subfield code="b">XK020053</subfield>
            <subfield code="c">XK020000</subfield>
         </datafield>
         <datafield tag="949" ind1=" " ind2=" ">
            <subfield code="B">IDSSG</subfield>
            <subfield code="F">HSG</subfield>
            <subfield code="b">HSG</subfield>
            <subfield code="c">ONL</subfield>
            <subfield code="j">HONL000875206</subfield>
         </datafield>
      <datafield tag="690" ind1="H" ind2="D">
            <subfield code="8">YL7</subfield>
            <subfield code="a">Wirtschaftswissenschaften : Finanzwissenschaft. Betriebswirtschaftliche Steuerlehre : Finanzpolitik. Fiscal Policy. Finanzwirtschaft und Finanzpolitik einzelner Länder</subfield>
            <subfield code="2">HSG-IFF</subfield>
        </datafield><datafield tag="690" ind1="H" ind2="D">
            <subfield code="8">YL8</subfield>
            <subfield code="a">Wirtschaftswissenschaften : Finanzwissenschaft. Betriebswirtschaftliche Steuerlehre : Allgemeine Steuerlehre, Steuersystem einzelner Länder</subfield>
            <subfield code="2">HSG-IFF</subfield>
            </datafield><datafield tag="690" ind1="H" ind2="D">
            <subfield code="8">YL9</subfield>
            <subfield code="a">Wirtschaftswissenschaften : Finanzwissenschaft. Betriebswirtschaftliche Steuerlehre : Betriebswirtschaftliche Steuerlehre</subfield>
            <subfield code="2">HSG-IFF</subfield>
            </datafield></record>