<record xmlns:xs="http://www.w3.org/2001/XMLSchema">
         <leader>     cam a22     u  4500</leader>
         <controlfield tag="001">260394750</controlfield>
         <controlfield tag="003">CHVBK</controlfield>
         <controlfield tag="005">20190717080208.0</controlfield>
         <controlfield tag="008">130816s1966    sz       m    00    ger d</controlfield>
         <datafield tag="019" ind1=" " ind2=" ">
            <subfield code="a">Diss.-Jahr dem Verz. der Schweiz. Hochschulschriften entnommen</subfield>
            <subfield code="5">03.10.1995/beujb-/tzb</subfield>
         </datafield>
         <datafield tag="019" ind1=" " ind2=" ">
            <subfield code="a">000126/112647</subfield>
            <subfield code="5">NC</subfield>
         </datafield>
         <datafield tag="019" ind1=" " ind2=" ">
            <subfield code="a">Catalogage décrit: l'ex. de thèse</subfield>
            <subfield code="5">gevbpu/11.2001</subfield>
         </datafield>
         <datafield tag="019" ind1=" " ind2=" ">
            <subfield code="a">Konvertierte Aufnahme Dobis</subfield>
            <subfield code="5">26.04.2003 BGR</subfield>
         </datafield>
         <datafield tag="019" ind1=" " ind2=" ">
            <subfield code="a">Rekat-bbi</subfield>
            <subfield code="5">zk</subfield>
         </datafield>
         <datafield tag="020" ind1=" " ind2=" ">
            <subfield code="z">-</subfield>
            <subfield code="c">Fr. 17.-.</subfield>
         </datafield>
         <datafield tag="035" ind1=" " ind2=" ">
            <subfield code="a">(IDSBB)000359123</subfield>
         </datafield>
         <datafield tag="035" ind1=" " ind2=" ">
            <subfield code="a">(NEBIS)000295491</subfield>
         </datafield>
         <datafield tag="035" ind1=" " ind2=" ">
            <subfield code="a">(ABN)000603314</subfield>
         </datafield>
         <datafield tag="035" ind1=" " ind2=" ">
            <subfield code="a">(SGBN)000020169</subfield>
         </datafield>
         <datafield tag="035" ind1=" " ind2=" ">
            <subfield code="a">(LIBIB)000004810</subfield>
         </datafield>
         <datafield tag="035" ind1=" " ind2=" ">
            <subfield code="a">(IDSSG)000993250</subfield>
         </datafield>
         <datafield tag="035" ind1=" " ind2=" ">
            <subfield code="a">(SNL)991001341719703976</subfield>
         </datafield>
         <datafield tag="035" ind1=" " ind2=" ">
            <subfield code="a">(KBTG)5983</subfield>
         </datafield>
         <datafield tag="035" ind1=" " ind2=" ">
            <subfield code="a">(RERO)0253916</subfield>
         </datafield>
         <datafield tag="035" ind1=" " ind2=" ">
            <subfield code="a">(RERO)R003109456</subfield>
         </datafield>
         <datafield tag="035" ind1=" " ind2=" ">
            <subfield code="a">(VAUD)991011885139702852</subfield>
         </datafield>
         <datafield tag="035" ind1=" " ind2=" ">
            <subfield code="a">(BGR)000105092</subfield>
         </datafield>
         <datafield tag="035" ind1=" " ind2=" ">
            <subfield code="a">(ALEX)991731604101791</subfield>
         </datafield>
         <datafield tag="035" ind1=" " ind2=" ">
            <subfield code="a">(Sz)298288-41snl_51</subfield>
         </datafield>
         <datafield tag="035" ind1=" " ind2=" ">
            <subfield code="a">(Sz)vtls000298288</subfield>
         </datafield>
         <datafield tag="035" ind1=" " ind2=" ">
            <subfield code="a">(Sz)000298288</subfield>
         </datafield>
         <datafield tag="035" ind1=" " ind2=" ">
            <subfield code="a">(RNV)000234854-41bculausa_network</subfield>
         </datafield>
         <datafield tag="035" ind1=" " ind2=" ">
            <subfield code="a">(RERO)000234854</subfield>
         </datafield>
         <datafield tag="035" ind1=" " ind2=" ">
            <subfield code="a">(EXLNZ-41BCULAUSA_NETWORK)991008663219702851</subfield>
         </datafield>
         <datafield tag="035" ind1=" " ind2=" ">
            <subfield code="a">0253916</subfield>
         </datafield>
         <datafield tag="040" ind1=" " ind2=" ">
            <subfield code="a">SzZuIDS BS/BE A100</subfield>
            <subfield code="b">ger</subfield>
            <subfield code="e">kids</subfield>
         </datafield>
         <datafield tag="041" ind1="0" ind2=" ">
            <subfield code="a">ger</subfield>
         </datafield>
         <datafield tag="072" ind1=" " ind2="7">
            <subfield code="a">s1ht</subfield>
            <subfield code="2">rero</subfield>
         </datafield>
         <datafield tag="072" ind1=" " ind2="7">
            <subfield code="a">s2sp</subfield>
            <subfield code="2">rero</subfield>
         </datafield>
         <datafield tag="082" ind1="1" ind2=" ">
            <subfield code="a">500</subfield>
            <subfield code="2">15</subfield>
         </datafield>
         <datafield tag="082" ind1="1" ind2=" ">
            <subfield code="a">340</subfield>
            <subfield code="2">15</subfield>
         </datafield>
         <datafield tag="082" ind1="0" ind2="4">
            <subfield code="a">329.0409494</subfield>
         </datafield>
         <datafield tag="084" ind1=" " ind2=" ">
            <subfield code="a">MG 32570</subfield>
            <subfield code="2">rvk</subfield>
         </datafield>
         <datafield tag="084" ind1=" " ind2=" ">
            <subfield code="a">PL 683</subfield>
            <subfield code="2">rvk</subfield>
         </datafield>
         <datafield tag="084" ind1=" " ind2=" ">
            <subfield code="a">949.4.51:32</subfield>
            <subfield code="a">BCUDlh</subfield>
            <subfield code="2">CLASBCUD</subfield>
         </datafield>
         <datafield tag="100" ind1="1" ind2=" ">
            <subfield code="a">Jenny</subfield>
            <subfield code="D">Beat Alexander</subfield>
         </datafield>
         <datafield tag="245" ind1="1" ind2="0">
            <subfield code="a">Interessenpolitik und Demokratie in der Schweiz</subfield>
            <subfield code="b">dargestellt am Beispiel der Emser Vorlage</subfield>
            <subfield code="c">von Beat Alexander Jenny</subfield>
         </datafield>
         <datafield tag="264" ind1=" " ind2="1">
            <subfield code="a">Zürich</subfield>
            <subfield code="b">Polygraphischer Verlag</subfield>
            <subfield code="c">1966</subfield>
         </datafield>
         <datafield tag="300" ind1=" " ind2=" ">
            <subfield code="a">XII, 103 S.</subfield>
            <subfield code="c">23 cm</subfield>
            <subfield code="e">Falttaf.</subfield>
         </datafield>
         <datafield tag="490" ind1="1" ind2=" ">
            <subfield code="a">Staatswissenschaftliche Studien. Neue Folge</subfield>
            <subfield code="v">Bd. 56</subfield>
            <subfield code="i">56</subfield>
            <subfield code="w">(IDSBB)000168993</subfield>
            <subfield code="9">403723124</subfield>
         </datafield>
         <datafield tag="500" ind1=" " ind2=" ">
            <subfield code="a">Auch Diss. Basel</subfield>
         </datafield>
         <datafield tag="502" ind1=" " ind2=" ">
            <subfield code="a">Zugl.: Diss. phil.-hist. Basel, 1966</subfield>
         </datafield>
         <datafield tag="502" ind1=" " ind2=" ">
            <subfield code="a">Diss. Univ. Basel, 1966</subfield>
         </datafield>
         <datafield tag="504" ind1=" " ind2=" ">
            <subfield code="a">Bibliogr</subfield>
         </datafield>
         <datafield tag="583" ind1=" " ind2=" ">
            <subfield code="8">1900250893</subfield>
            <subfield code="a">dea</subfield>
            <subfield code="i">ps</subfield>
            <subfield code="c">NB014-2000</subfield>
            <subfield code="l">nt</subfield>
         </datafield>
         <datafield tag="650" ind1=" " ind2="0">
            <subfield code="a">Pressure groups</subfield>
         </datafield>
         <datafield tag="650" ind1=" " ind2="7">
            <subfield code="a">Démocratie</subfield>
            <subfield code="2">rero</subfield>
         </datafield>
         <datafield tag="650" ind1=" " ind2="7">
            <subfield code="a">1953-1955</subfield>
            <subfield code="2">rero</subfield>
         </datafield>
         <datafield tag="650" ind1=" " ind2="7">
            <subfield code="a">Démocratie</subfield>
            <subfield code="0">(RERO)A021065315</subfield>
            <subfield code="2">rero</subfield>
         </datafield>
         <datafield tag="650" ind1=" " ind2="7">
            <subfield code="a">démocratie</subfield>
            <subfield code="z">Suisse</subfield>
            <subfield code="y">1953 / 1955</subfield>
            <subfield code="2">chrero</subfield>
         </datafield>
         <datafield tag="650" ind1=" " ind2="7">
            <subfield code="a">Demokratie</subfield>
            <subfield code="2">jurivoc</subfield>
         </datafield>
         <datafield tag="651" ind1=" " ind2="0">
            <subfield code="a">Switzerland</subfield>
            <subfield code="x">Politics and government</subfield>
            <subfield code="y">1848-</subfield>
         </datafield>
         <datafield tag="651" ind1=" " ind2="7">
            <subfield code="a">Suisse</subfield>
            <subfield code="0">(RERO)A010021522</subfield>
            <subfield code="2">rero</subfield>
         </datafield>
         <datafield tag="651" ind1=" " ind2="7">
            <subfield code="a">Schweiz</subfield>
            <subfield code="2">jurivoc</subfield>
         </datafield>
         <datafield tag="655" ind1=" " ind2="7">
            <subfield code="a">Hochschulschrift</subfield>
            <subfield code="2">gnd-content</subfield>
         </datafield>
         <datafield tag="690" ind1=" " ind2="7">
            <subfield code="B">u</subfield>
            <subfield code="a">Politik. Schweiz. 20. Jh</subfield>
            <subfield code="2">idsbb AF</subfield>
         </datafield>
         <datafield tag="690" ind1=" " ind2="7">
            <subfield code="B">u</subfield>
            <subfield code="a">Demokratie. Schweiz</subfield>
            <subfield code="2">idsbb AF</subfield>
         </datafield>
         <datafield tag="690" ind1=" " ind2="7">
            <subfield code="B">u</subfield>
            <subfield code="a">Politik-Schweiz</subfield>
            <subfield code="2">nebis ER</subfield>
         </datafield>
         <datafield tag="690" ind1=" " ind2="7">
            <subfield code="B">s</subfield>
            <subfield code="a">Interessenpolitik</subfield>
            <subfield code="x">Schweiz</subfield>
            <subfield code="2">sgbn S</subfield>
         </datafield>
         <datafield tag="690" ind1=" " ind2="7">
            <subfield code="B">g</subfield>
            <subfield code="a">Demokratie</subfield>
            <subfield code="x">Schweiz</subfield>
            <subfield code="2">sgbn S</subfield>
         </datafield>
         <datafield tag="690" ind1=" " ind2="7">
            <subfield code="B">g</subfield>
            <subfield code="a">Ems</subfield>
            <subfield code="x">Interessenpolitik</subfield>
            <subfield code="2">sgbn S</subfield>
         </datafield>
         <datafield tag="690" ind1=" " ind2="7">
            <subfield code="B">g</subfield>
            <subfield code="a">Schweiz</subfield>
            <subfield code="x">Demokratie</subfield>
            <subfield code="2">sgbn S</subfield>
         </datafield>
         <datafield tag="690" ind1=" " ind2="7">
            <subfield code="B">g</subfield>
            <subfield code="a">Schweiz</subfield>
            <subfield code="x">Interessenpolitik</subfield>
            <subfield code="2">sgbn S</subfield>
         </datafield>
         <datafield tag="690" ind1=" " ind2="7">
            <subfield code="B">u</subfield>
            <subfield code="u">YL7</subfield>
            <subfield code="a">Wirtschaftswissenschaften : Finanzwissenschaft. Betriebswirtschaftliche Steuerlehre : Finanzpolitik. Fiscal Policy. Finanzwirtschaft und Finanzpolitik einzelner Länder</subfield>
            <subfield code="2">idssg HD</subfield>
         </datafield>
         <datafield tag="690" ind1=" " ind2="7">
            <subfield code="B">u</subfield>
            <subfield code="a">Politik: Schweiz B: Innenpolitik</subfield>
            <subfield code="2">bgr QA</subfield>
         </datafield>
         <datafield tag="690" ind1=" " ind2="7">
            <subfield code="B">u</subfield>
            <subfield code="a">Emser Werke</subfield>
            <subfield code="2">bgr QA</subfield>
         </datafield>
         <datafield tag="690" ind1=" " ind2="7">
            <subfield code="B">u</subfield>
            <subfield code="a">Demokratie &amp; Interessenpolitik</subfield>
            <subfield code="2">bgr QA</subfield>
         </datafield>
         <datafield tag="690" ind1=" " ind2="7">
            <subfield code="B">s</subfield>
            <subfield code="a">Vereinigung</subfield>
            <subfield code="2">alex helvetosaurus</subfield>
         </datafield>
         <datafield tag="690" ind1=" " ind2="7">
            <subfield code="B">s</subfield>
            <subfield code="a">Wirtschaftspolitik (allgemein)</subfield>
            <subfield code="2">alex helvetosaurus</subfield>
         </datafield>
         <datafield tag="691" ind1=" " ind2="7">
            <subfield code="B">u</subfield>
            <subfield code="u">P 3.4.2.1</subfield>
            <subfield code="2">idsbb GD</subfield>
         </datafield>
         <datafield tag="691" ind1=" " ind2="7">
            <subfield code="B">u</subfield>
            <subfield code="u">P 3.10.2.1</subfield>
            <subfield code="2">idsbb GD</subfield>
         </datafield>
         <datafield tag="691" ind1=" " ind2="7">
            <subfield code="B">u</subfield>
            <subfield code="a">EINFLÜSSE VON INTERESSENGRUPPEN AUF PARLAMENT UND REGIERUNG (POLITIK)</subfield>
            <subfield code="z">ger</subfield>
            <subfield code="u">328.182</subfield>
            <subfield code="2">nebis E1</subfield>
         </datafield>
         <datafield tag="691" ind1=" " ind2="7">
            <subfield code="B">u</subfield>
            <subfield code="a">TECHNISCHE CHEMIE</subfield>
            <subfield code="z">ger</subfield>
            <subfield code="u">66</subfield>
            <subfield code="2">nebis E1</subfield>
         </datafield>
         <datafield tag="691" ind1=" " ind2="7">
            <subfield code="B">u</subfield>
            <subfield code="a">DOMAT/EMS (KANTON GRAUBÜNDEN)</subfield>
            <subfield code="z">ger</subfield>
            <subfield code="u">(494.262.12*DOMAT)</subfield>
            <subfield code="2">nebis E1</subfield>
         </datafield>
         <datafield tag="691" ind1=" " ind2="7">
            <subfield code="B">u</subfield>
            <subfield code="a">INFLUENCES OF INTEREST GROUPS ON PARLIAMENT AND GOVERNMENT (POLITICS)</subfield>
            <subfield code="z">eng</subfield>
            <subfield code="u">328.182</subfield>
            <subfield code="2">nebis E1</subfield>
         </datafield>
         <datafield tag="691" ind1=" " ind2="7">
            <subfield code="B">u</subfield>
            <subfield code="a">INFLUENCES DES GROUPES D'INTÉRÈT AU PARLEMENT ET GOUVERNEMENT (POLITIQUE)</subfield>
            <subfield code="z">fre</subfield>
            <subfield code="u">328.182</subfield>
            <subfield code="2">nebis E1</subfield>
         </datafield>
         <datafield tag="691" ind1=" " ind2="7">
            <subfield code="B">u</subfield>
            <subfield code="a">CHEMICAL TECHNOLOGY</subfield>
            <subfield code="z">eng</subfield>
            <subfield code="u">66</subfield>
            <subfield code="2">nebis E1</subfield>
         </datafield>
         <datafield tag="691" ind1=" " ind2="7">
            <subfield code="B">u</subfield>
            <subfield code="a">TECHNOLOGIE CHIMIQUE</subfield>
            <subfield code="z">fre</subfield>
            <subfield code="u">66</subfield>
            <subfield code="2">nebis E1</subfield>
         </datafield>
         <datafield tag="691" ind1=" " ind2="7">
            <subfield code="B">u</subfield>
            <subfield code="a">DOMAT/EMS (CANTON OF GRISONS)</subfield>
            <subfield code="z">eng</subfield>
            <subfield code="u">(494.262.12*DOMAT)</subfield>
            <subfield code="2">nebis E1</subfield>
         </datafield>
         <datafield tag="691" ind1=" " ind2="7">
            <subfield code="B">u</subfield>
            <subfield code="a">DOMAT/EMS (CANTON DES GRISONS)</subfield>
            <subfield code="z">fre</subfield>
            <subfield code="u">(494.262.12*DOMAT)</subfield>
            <subfield code="2">nebis E1</subfield>
         </datafield>
         <datafield tag="691" ind1=" " ind2="7">
            <subfield code="B">u</subfield>
            <subfield code="u">321</subfield>
            <subfield code="a">Politische Organisation. Staatsmacht</subfield>
            <subfield code="2">libib XD</subfield>
         </datafield>
         <datafield tag="691" ind1=" " ind2="7">
            <subfield code="2">rero dr-sys</subfield>
            <subfield code="u">CA/CH 32 h</subfield>
         </datafield>
         <datafield tag="691" ind1=" " ind2="7">
            <subfield code="2">vaud dr-sys</subfield>
            <subfield code="u">CA/CH 32 h</subfield>
         </datafield>
         <datafield tag="710" ind1="2" ind2=" ">
            <subfield code="a">Holzverzuckerungs AG</subfield>
            <subfield code="0">(DE-588)1087041295</subfield>
         </datafield>
         <datafield tag="830" ind1=" " ind2="0">
            <subfield code="a">Staatswissenschaftliche Studien</subfield>
            <subfield code="v">56</subfield>
         </datafield>
         <datafield tag="898" ind1=" " ind2=" ">
            <subfield code="a">BK020000</subfield>
            <subfield code="b">XK020000</subfield>
            <subfield code="c">XK020000</subfield>
         </datafield>
         <datafield tag="898" ind1=" " ind2=" ">
            <subfield code="a">BK020300</subfield>
            <subfield code="b">XK020000</subfield>
            <subfield code="c">XK020000</subfield>
         </datafield>
         <datafield tag="908" ind1=" " ind2=" ">
            <subfield code="D">1</subfield>
            <subfield code="a">Hochschulschrift = Thèse/Mémoire</subfield>
         </datafield>
         <datafield tag="909" ind1=" " ind2="7">
            <subfield code="a">rekatzbso BBI</subfield>
            <subfield code="2">idsbb A</subfield>
         </datafield>
         <datafield tag="909" ind1=" " ind2="7">
            <subfield code="a">MedeaZBZ</subfield>
            <subfield code="b">SWK</subfield>
            <subfield code="2">idszbz ZR</subfield>
         </datafield>
         <datafield tag="909" ind1=" " ind2="7">
            <subfield code="f">medea</subfield>
            <subfield code="2">idsuzh U2</subfield>
         </datafield>
         <datafield tag="909" ind1=" " ind2="7">
            <subfield code="e">bbi</subfield>
            <subfield code="2">bgr P</subfield>
         </datafield>
         <datafield tag="912" ind1=" " ind2="7">
            <subfield code="a">nw</subfield>
            <subfield code="2">SzZuIDS BS/BE</subfield>
         </datafield>
         <datafield tag="912" ind1=" " ind2="7">
            <subfield code="a">rf</subfield>
            <subfield code="2">SzZuIDS BS/BE</subfield>
         </datafield>
         <datafield tag="912" ind1=" " ind2="7">
            <subfield code="a">po</subfield>
            <subfield code="2">SGBN</subfield>
         </datafield>
         <datafield tag="912" ind1=" " ind2="7">
            <subfield code="a">po</subfield>
            <subfield code="2">FL</subfield>
         </datafield>
         <datafield tag="949" ind1=" " ind2=" ">
            <subfield code="B">SNL</subfield>
            <subfield code="F">NB001</subfield>
            <subfield code="b">NB001</subfield>
            <subfield code="j">Q 3081a/56</subfield>
            <subfield code="s">Q 3081a/56 2. Ex</subfield>
            <subfield code="c">NB10011</subfield>
         </datafield>
         <datafield tag="949" ind1=" " ind2=" ">
            <subfield code="B">SNL</subfield>
            <subfield code="F">NB001</subfield>
            <subfield code="b">NB001</subfield>
            <subfield code="j">H 3550</subfield>
            <subfield code="c">NB10010</subfield>
         </datafield>
         <datafield tag="949" ind1=" " ind2=" ">
            <subfield code="B">SNL</subfield>
            <subfield code="F">NB001</subfield>
            <subfield code="b">NB001</subfield>
            <subfield code="j">Q 3081a/56</subfield>
            <subfield code="c">NB10011</subfield>
         </datafield>
         <datafield tag="949" ind1=" " ind2=" ">
            <subfield code="B">NEBIS</subfield>
            <subfield code="F">E19</subfield>
            <subfield code="b">E19</subfield>
            <subfield code="j">43162</subfield>
         </datafield>
         <datafield tag="949" ind1=" " ind2=" ">
            <subfield code="B">NEBIS</subfield>
            <subfield code="F">E95</subfield>
            <subfield code="b">E95</subfield>
            <subfield code="j">KB-00015-BR</subfield>
         </datafield>
         <datafield tag="949" ind1=" " ind2=" ">
            <subfield code="B">RERO</subfield>
            <subfield code="F">RE01001</subfield>
            <subfield code="b">RE01001</subfield>
            <subfield code="c">RE010010001</subfield>
            <subfield code="j">UA 66.078</subfield>
            <subfield code="z">$9 r/2001/0059</subfield>
         </datafield>
         <datafield tag="949" ind1=" " ind2=" ">
            <subfield code="B">RERO</subfield>
            <subfield code="F">RE01003</subfield>
            <subfield code="b">RE01003</subfield>
            <subfield code="c">RE010030001</subfield>
            <subfield code="j">ISES D-50*13</subfield>
            <subfield code="z">Ex. commercial $9 r/99/0036</subfield>
         </datafield>
         <datafield tag="949" ind1=" " ind2=" ">
            <subfield code="B">RERO</subfield>
            <subfield code="F">RE01044</subfield>
            <subfield code="b">RE01044</subfield>
            <subfield code="c">RE010440001</subfield>
            <subfield code="j">DR CA/CH 32 h JENN 1966</subfield>
            <subfield code="s">TDB 57492</subfield>
         </datafield>
         <datafield tag="949" ind1=" " ind2=" ">
            <subfield code="B">RERO</subfield>
            <subfield code="F">RE61040</subfield>
            <subfield code="b">RE61040</subfield>
            <subfield code="c">RE610400044</subfield>
            <subfield code="j">329.03 JEN</subfield>
            <subfield code="s">SESA 21734</subfield>
         </datafield>
         <datafield tag="949" ind1=" " ind2=" ">
            <subfield code="B">RERO</subfield>
            <subfield code="F">RE61001</subfield>
            <subfield code="b">RE61001</subfield>
            <subfield code="c">RE610010021</subfield>
            <subfield code="j">BGE Q 80 BA 1966</subfield>
         </datafield>
         <datafield tag="949" ind1=" " ind2=" ">
            <subfield code="B">VAUD</subfield>
            <subfield code="F">bcudabc</subfield>
            <subfield code="b">bcudabc</subfield>
            <subfield code="j">TA 27226</subfield>
            <subfield code="c">810050001</subfield>
         </datafield>
         <datafield tag="949" ind1=" " ind2=" ">
            <subfield code="B">VAUD</subfield>
            <subfield code="F">bcud</subfield>
            <subfield code="b">bcud</subfield>
            <subfield code="j">BLA 1575</subfield>
            <subfield code="c">810010047</subfield>
         </datafield>
         <datafield tag="949" ind1=" " ind2=" ">
            <subfield code="B">KBTG</subfield>
            <subfield code="F">KBS</subfield>
            <subfield code="b">KBS</subfield>
            <subfield code="j">M 4492</subfield>
         </datafield>
         <datafield tag="949" ind1=" " ind2=" ">
            <subfield code="B">ALEX</subfield>
            <subfield code="F">BIG</subfield>
            <subfield code="b">BIG</subfield>
            <subfield code="j">BIG PB FusB R 11061</subfield>
            <subfield code="c">Magazin2</subfield>
         </datafield>
         <datafield tag="949" ind1=" " ind2=" ">
            <subfield code="B">ALEX</subfield>
            <subfield code="F">BAR</subfield>
            <subfield code="b">BAR</subfield>
            <subfield code="j">BAR A1998</subfield>
            <subfield code="c">Doku</subfield>
         </datafield>
         <datafield tag="949" ind1=" " ind2=" ">
            <subfield code="B">ALEX</subfield>
            <subfield code="F">BIG</subfield>
            <subfield code="b">BIG</subfield>
            <subfield code="j">BIG EDA 53-313</subfield>
            <subfield code="c">Magazin1</subfield>
         </datafield>
         <datafield tag="949" ind1=" " ind2=" ">
            <subfield code="B">LIBIB</subfield>
            <subfield code="F">FLLB</subfield>
            <subfield code="b">FLLB</subfield>
            <subfield code="c">MA</subfield>
            <subfield code="j">PX 5584</subfield>
            <subfield code="x">Akz: va/lbfl/E/2123-1972</subfield>
         </datafield>
         <datafield tag="949" ind1=" " ind2=" ">
            <subfield code="B">BGR</subfield>
            <subfield code="F">NHS</subfield>
            <subfield code="b">NHS</subfield>
            <subfield code="c">IKG</subfield>
            <subfield code="j">ikg/VBK 562</subfield>
         </datafield>
         <datafield tag="949" ind1=" " ind2=" ">
            <subfield code="B">NEBIS</subfield>
            <subfield code="F">Z01</subfield>
            <subfield code="b">Z01</subfield>
            <subfield code="c">04</subfield>
            <subfield code="j">TC 499: NF 56</subfield>
         </datafield>
         <datafield tag="949" ind1=" " ind2=" ">
            <subfield code="B">IDSBB</subfield>
            <subfield code="F">A202</subfield>
            <subfield code="b">A202</subfield>
            <subfield code="c">FH</subfield>
            <subfield code="j">DG SC 2118</subfield>
            <subfield code="x">Akz: ba/ihs-/u</subfield>
         </datafield>
         <datafield tag="949" ind1=" " ind2=" ">
            <subfield code="B">IDSBB</subfield>
            <subfield code="F">B465</subfield>
            <subfield code="b">B465</subfield>
            <subfield code="c">FH</subfield>
            <subfield code="j">JBB Diss. BS 1966</subfield>
            <subfield code="x">Akz: be/ujb-/u</subfield>
         </datafield>
         <datafield tag="949" ind1=" " ind2=" ">
            <subfield code="B">IDSBB</subfield>
            <subfield code="F">B500</subfield>
            <subfield code="b">B500</subfield>
            <subfield code="c">FH</subfield>
            <subfield code="j">VRF_MG_32200 6</subfield>
            <subfield code="s">POL 6. 48</subfield>
         </datafield>
         <datafield tag="949" ind1=" " ind2=" ">
            <subfield code="B">ABN</subfield>
            <subfield code="F">STA</subfield>
            <subfield code="b">STA</subfield>
            <subfield code="c">STAFH</subfield>
            <subfield code="j">STA Er 59</subfield>
         </datafield>
         <datafield tag="949" ind1=" " ind2=" ">
            <subfield code="B">IDSSG</subfield>
            <subfield code="F">HIFF</subfield>
            <subfield code="b">HIFF</subfield>
            <subfield code="c">IFF</subfield>
            <subfield code="j">BC 205</subfield>
         </datafield>
         <datafield tag="949" ind1=" " ind2=" ">
            <subfield code="B">NEBIS</subfield>
            <subfield code="F">E16</subfield>
            <subfield code="b">E16</subfield>
            <subfield code="c">K1</subfield>
            <subfield code="j">P 916716 a: 56</subfield>
         </datafield>
         <datafield tag="949" ind1=" " ind2=" ">
            <subfield code="B">IDSBB</subfield>
            <subfield code="F">A100</subfield>
            <subfield code="b">A100</subfield>
            <subfield code="c">MAG</subfield>
            <subfield code="j">UBH Diss 1966,6259</subfield>
            <subfield code="x">Akz: ba/uub-/u</subfield>
         </datafield>
         <datafield tag="949" ind1=" " ind2=" ">
            <subfield code="B">IDSBB</subfield>
            <subfield code="F">A100</subfield>
            <subfield code="b">A100</subfield>
            <subfield code="c">MAG</subfield>
            <subfield code="j">UBH Oek Cv 160:733</subfield>
         </datafield>
         <datafield tag="949" ind1=" " ind2=" ">
            <subfield code="B">IDSBB</subfield>
            <subfield code="F">A100</subfield>
            <subfield code="b">A100</subfield>
            <subfield code="c">MAG</subfield>
            <subfield code="j">UBH Un 201,1966</subfield>
            <subfield code="x">Akz: ba/uub-/u</subfield>
         </datafield>
         <datafield tag="949" ind1=" " ind2=" ">
            <subfield code="B">IDSBB</subfield>
            <subfield code="F">A125</subfield>
            <subfield code="b">A125</subfield>
            <subfield code="c">125ST</subfield>
            <subfield code="j">SWA H + I Bf 77 (Bro)</subfield>
            <subfield code="x">Akz: ba/uswa/g</subfield>
         </datafield>
         <datafield tag="949" ind1=" " ind2=" ">
            <subfield code="B">IDSBB</subfield>
            <subfield code="F">A125</subfield>
            <subfield code="b">A125</subfield>
            <subfield code="c">125ST</subfield>
            <subfield code="j">SWA H + I Bf 77 (Bro)</subfield>
         </datafield>
         <datafield tag="949" ind1=" " ind2=" ">
            <subfield code="B">IDSBB</subfield>
            <subfield code="F">A150</subfield>
            <subfield code="b">A150</subfield>
            <subfield code="c">MAG</subfield>
            <subfield code="j">ZBS XH 202 NF/56</subfield>
         </datafield>
         <datafield tag="949" ind1=" " ind2=" ">
            <subfield code="B">SGBN</subfield>
            <subfield code="F">SGSTA</subfield>
            <subfield code="b">SGSTA</subfield>
            <subfield code="c">ZA</subfield>
            <subfield code="j">B IV 6969.1A.B</subfield>
         </datafield>
         <datafield tag="949" ind1=" " ind2=" ">
            <subfield code="B">SGBN</subfield>
            <subfield code="F">SGSTA</subfield>
            <subfield code="b">SGSTA</subfield>
            <subfield code="c">ZA</subfield>
            <subfield code="j">B IV 6969.2A.B</subfield>
         </datafield>
         <datafield tag="949" ind1=" " ind2=" ">
            <subfield code="B">SGBN</subfield>
            <subfield code="F">SGSTA</subfield>
            <subfield code="b">SGSTA</subfield>
            <subfield code="c">ZA</subfield>
            <subfield code="j">B IV 7444</subfield>
         </datafield>
         <datafield tag="949" ind1=" " ind2=" ">
            <subfield code="B">BGR</subfield>
            <subfield code="F">KBG</subfield>
            <subfield code="b">KBG</subfield>
            <subfield code="c">KBGMA</subfield>
            <subfield code="j">KBG Bd 445:4</subfield>
         </datafield>
         <datafield tag="949" ind1=" " ind2=" ">
            <subfield code="B">NEBIS</subfield>
            <subfield code="F">Z01</subfield>
            <subfield code="b">Z01</subfield>
            <subfield code="c">05</subfield>
            <subfield code="j">UnS 1967: 117</subfield>
         </datafield>
         <datafield tag="949" ind1=" " ind2=" ">
            <subfield code="B">IDSBB</subfield>
            <subfield code="F">B400</subfield>
            <subfield code="b">B400</subfield>
            <subfield code="c">400F4</subfield>
            <subfield code="j">BeM ZB H var 9988</subfield>
            <subfield code="x">Akz: be/stub/u</subfield>
         </datafield>
         <datafield tag="949" ind1=" " ind2=" ">
            <subfield code="B">IDSBB</subfield>
            <subfield code="F">B400</subfield>
            <subfield code="b">B400</subfield>
            <subfield code="c">400Q8</subfield>
            <subfield code="j">BeM HIS K-CH 132.5</subfield>
            <subfield code="s">HIS K-CH 132.5</subfield>
            <subfield code="x">REKATA1100508</subfield>
         </datafield>
         <datafield tag="949" ind1=" " ind2=" ">
            <subfield code="B">NEBIS</subfield>
            <subfield code="F">USTAZ</subfield>
            <subfield code="b">USTAZ</subfield>
            <subfield code="c">ULSTZ</subfield>
            <subfield code="j">I Ja 1/3</subfield>
            <subfield code="z">In Schachtel</subfield>
         </datafield>
         <datafield tag="950" ind1=" " ind2=" ">
            <subfield code="B">IDSBB</subfield>
            <subfield code="P">100</subfield>
            <subfield code="E">1-</subfield>
            <subfield code="a">Jenny</subfield>
            <subfield code="D">Beat Alexander</subfield>
         </datafield>
         <datafield tag="950" ind1=" " ind2=" ">
            <subfield code="B">IDSBB</subfield>
            <subfield code="P">490</subfield>
            <subfield code="E">0-</subfield>
            <subfield code="a">Staatswissenschaftliche Studien. Neue Folge</subfield>
            <subfield code="v">Bd. 56</subfield>
            <subfield code="i">56</subfield>
            <subfield code="w">(IDSBB)000168993</subfield>
            <subfield code="9">403723124</subfield>
         </datafield>
         <datafield tag="950" ind1=" " ind2=" ">
            <subfield code="B">IDSBB</subfield>
            <subfield code="P">710</subfield>
            <subfield code="E">2-</subfield>
            <subfield code="a">Holzverzuckerungs AG</subfield>
            <subfield code="0">(DE-588)1087041295</subfield>
         </datafield>
         <datafield tag="950" ind1=" " ind2=" ">
            <subfield code="B">NEBIS</subfield>
            <subfield code="P">100</subfield>
            <subfield code="E">1-</subfield>
            <subfield code="a">Jenny</subfield>
            <subfield code="D">Beat Alexander</subfield>
         </datafield>
         <datafield tag="950" ind1=" " ind2=" ">
            <subfield code="B">NEBIS</subfield>
            <subfield code="P">490</subfield>
            <subfield code="E">--</subfield>
            <subfield code="a">Staatswissenschaftliche Studien. Neue Folge</subfield>
            <subfield code="v">Band 56</subfield>
            <subfield code="i">56</subfield>
            <subfield code="w">(NEBIS)000037175</subfield>
            <subfield code="9">403723124</subfield>
         </datafield>
         <datafield tag="950" ind1=" " ind2=" ">
            <subfield code="B">ABN</subfield>
            <subfield code="P">100</subfield>
            <subfield code="E">1-</subfield>
            <subfield code="a">Jenny</subfield>
            <subfield code="D">Beat Alexander</subfield>
         </datafield>
         <datafield tag="950" ind1=" " ind2=" ">
            <subfield code="B">ABN</subfield>
            <subfield code="P">490</subfield>
            <subfield code="E">0-</subfield>
            <subfield code="a">Staatswissenschaftliche Studien. Neue Folge</subfield>
            <subfield code="v">56</subfield>
            <subfield code="i">56</subfield>
            <subfield code="w">(ABN)000043069</subfield>
         </datafield>
         <datafield tag="950" ind1=" " ind2=" ">
            <subfield code="B">SGBN</subfield>
            <subfield code="P">100</subfield>
            <subfield code="E">1-</subfield>
            <subfield code="a">Jenny</subfield>
            <subfield code="D">Beat Alexander</subfield>
         </datafield>
         <datafield tag="950" ind1=" " ind2=" ">
            <subfield code="B">SGBN</subfield>
            <subfield code="P">490</subfield>
            <subfield code="E">0-</subfield>
            <subfield code="a">Staatswissenschaftliche Studien. Neue Folge</subfield>
            <subfield code="v">Bd 56</subfield>
            <subfield code="i">56</subfield>
            <subfield code="w">(SGBN)000020218</subfield>
            <subfield code="9">403723124</subfield>
         </datafield>
         <datafield tag="950" ind1=" " ind2=" ">
            <subfield code="B">LIBIB</subfield>
            <subfield code="P">100</subfield>
            <subfield code="E">1-</subfield>
            <subfield code="a">Jenny</subfield>
            <subfield code="D">Beat Alexander</subfield>
         </datafield>
         <datafield tag="950" ind1=" " ind2=" ">
            <subfield code="B">LIBIB</subfield>
            <subfield code="P">490</subfield>
            <subfield code="E">--</subfield>
            <subfield code="a">Staatswissenschaftliche Studien. Neue Folge</subfield>
            <subfield code="v">Bd 56</subfield>
            <subfield code="i">56</subfield>
            <subfield code="w">(LIBIB)000004813</subfield>
            <subfield code="9">403723124</subfield>
         </datafield>
         <datafield tag="950" ind1=" " ind2=" ">
            <subfield code="B">IDSSG</subfield>
            <subfield code="P">100</subfield>
            <subfield code="E">1-</subfield>
            <subfield code="a">Jenny</subfield>
            <subfield code="D">Beat Alexander</subfield>
            <subfield code="e">Verfasser</subfield>
            <subfield code="4">aut</subfield>
         </datafield>
         <datafield tag="950" ind1=" " ind2=" ">
            <subfield code="B">IDSSG</subfield>
            <subfield code="P">490</subfield>
            <subfield code="E">0-</subfield>
            <subfield code="a">Staatswissenschaftliche Studien. Neue Folge</subfield>
            <subfield code="v">Bd. 56</subfield>
            <subfield code="i">56</subfield>
         </datafield>
         <datafield tag="950" ind1=" " ind2=" ">
            <subfield code="B">IDSSG</subfield>
            <subfield code="P">710</subfield>
            <subfield code="E">2-</subfield>
            <subfield code="a">Holzverzuckerungs AG</subfield>
            <subfield code="0">(DE-588)1087041295</subfield>
         </datafield>
         <datafield tag="950" ind1=" " ind2=" ">
            <subfield code="B">SNL</subfield>
            <subfield code="P">100</subfield>
            <subfield code="E">1-</subfield>
            <subfield code="a">Jenny</subfield>
            <subfield code="D">Beat Alexander</subfield>
         </datafield>
         <datafield tag="950" ind1=" " ind2=" ">
            <subfield code="B">SNL</subfield>
            <subfield code="P">490</subfield>
            <subfield code="E">1-</subfield>
            <subfield code="a">Staatswissenschaftliche Studien</subfield>
            <subfield code="v">56</subfield>
         </datafield>
         <datafield tag="950" ind1=" " ind2=" ">
            <subfield code="B">SNL</subfield>
            <subfield code="P">830</subfield>
            <subfield code="E">--</subfield>
            <subfield code="a">Staatswissenschaftliche Studien</subfield>
            <subfield code="v">56</subfield>
         </datafield>
         <datafield tag="950" ind1=" " ind2=" ">
            <subfield code="B">KBTG</subfield>
            <subfield code="P">100</subfield>
            <subfield code="E">1-</subfield>
            <subfield code="a">Jenny</subfield>
            <subfield code="D">Beat Alexander</subfield>
            <subfield code="0">(DE-588)170393275</subfield>
         </datafield>
         <datafield tag="950" ind1=" " ind2=" ">
            <subfield code="B">KBTG</subfield>
            <subfield code="P">490</subfield>
            <subfield code="E">1-</subfield>
            <subfield code="a">Staatswissenschaftliche Studien. N. F</subfield>
            <subfield code="v">56</subfield>
         </datafield>
         <datafield tag="950" ind1=" " ind2=" ">
            <subfield code="B">KBTG</subfield>
            <subfield code="P">830</subfield>
            <subfield code="E">--</subfield>
            <subfield code="a">Staatswissenschaftliche Studien</subfield>
            <subfield code="v">56</subfield>
            <subfield code="0">(CH-000086-2)M100795</subfield>
         </datafield>
         <datafield tag="950" ind1=" " ind2=" ">
            <subfield code="B">RERO</subfield>
            <subfield code="P">490</subfield>
            <subfield code="E">1-</subfield>
            <subfield code="a">Staatswissenschaftliche Studien. Neue Folge</subfield>
            <subfield code="v">Bd. 56</subfield>
         </datafield>
         <datafield tag="950" ind1=" " ind2=" ">
            <subfield code="B">RERO</subfield>
            <subfield code="P">830</subfield>
            <subfield code="E">--</subfield>
            <subfield code="a">Staatswissenschaftliche Studien</subfield>
            <subfield code="p">Neue Folge</subfield>
            <subfield code="v">56</subfield>
         </datafield>
         <datafield tag="950" ind1=" " ind2=" ">
            <subfield code="B">RERO</subfield>
            <subfield code="P">100</subfield>
            <subfield code="E">1-</subfield>
            <subfield code="a">Jenny</subfield>
            <subfield code="D">Beat Alexander</subfield>
            <subfield code="0">(RERO)A003424179</subfield>
            <subfield code="4">cre</subfield>
         </datafield>
         <datafield tag="950" ind1=" " ind2=" ">
            <subfield code="B">VAUD</subfield>
            <subfield code="P">100</subfield>
            <subfield code="E">1-</subfield>
            <subfield code="a">Jenny</subfield>
            <subfield code="D">Beat Alexander</subfield>
         </datafield>
         <datafield tag="950" ind1=" " ind2=" ">
            <subfield code="B">VAUD</subfield>
            <subfield code="P">490</subfield>
            <subfield code="E">1-</subfield>
            <subfield code="a">Staatswissenschaftliche Studien. Neue Folge</subfield>
            <subfield code="v">Bd. 56</subfield>
         </datafield>
         <datafield tag="950" ind1=" " ind2=" ">
            <subfield code="B">VAUD</subfield>
            <subfield code="P">830</subfield>
            <subfield code="E">--</subfield>
            <subfield code="a">Staatswissenschaftliche Studien</subfield>
            <subfield code="p">Neue Folge</subfield>
            <subfield code="v">56</subfield>
         </datafield>
         <datafield tag="950" ind1=" " ind2=" ">
            <subfield code="B">BGR</subfield>
            <subfield code="P">100</subfield>
            <subfield code="E">1-</subfield>
            <subfield code="a">Jenny</subfield>
            <subfield code="D">Beat Alexander</subfield>
         </datafield>
         <datafield tag="950" ind1=" " ind2=" ">
            <subfield code="B">BGR</subfield>
            <subfield code="P">490</subfield>
            <subfield code="E">--</subfield>
            <subfield code="a">Staatswissenschaftliche Studien, N.F</subfield>
            <subfield code="v">56</subfield>
            <subfield code="i">56</subfield>
         </datafield>
         <datafield tag="950" ind1=" " ind2=" ">
            <subfield code="B">ALEX</subfield>
            <subfield code="P">100</subfield>
            <subfield code="E">1-</subfield>
            <subfield code="a">Jenny</subfield>
            <subfield code="D">Beat Alexander</subfield>
         </datafield>
      <datafield tag="690" ind1="H" ind2="D">
            <subfield code="8">YL7</subfield>
            <subfield code="a">Wirtschaftswissenschaften : Finanzwissenschaft. Betriebswirtschaftliche Steuerlehre : Finanzpolitik. Fiscal Policy. Finanzwirtschaft und Finanzpolitik einzelner Länder</subfield>
            <subfield code="2">HSG-IFF</subfield>
        </datafield></record>