<record xmlns:xs="http://www.w3.org/2001/XMLSchema">
         <leader>     caa a22     u  4500</leader>
         <controlfield tag="001">564293377</controlfield>
         <controlfield tag="003">CHVBK</controlfield>
         <controlfield tag="005">20190608103513.0</controlfield>
         <controlfield tag="008">190510s1990    sz |||||||||| 00   |fre d</controlfield>
         <datafield tag="035" ind1=" " ind2=" ">
            <subfield code="a">(SGBN)000113664</subfield>
         </datafield>
         <datafield tag="035" ind1=" " ind2=" ">
            <subfield code="a">(IDSSG)000993468</subfield>
         </datafield>
         <datafield tag="035" ind1=" " ind2=" ">
            <subfield code="a">(OCoLC)887765420</subfield>
         </datafield>
         <datafield tag="035" ind1=" " ind2=" ">
            <subfield code="a">(SGBN)000113664</subfield>
         </datafield>
         <datafield tag="040" ind1=" " ind2=" ">
            <subfield code="a">SGBN SGKBZ</subfield>
            <subfield code="b">ger</subfield>
         </datafield>
         <datafield tag="044" ind1=" " ind2=" ">
            <subfield code="a">sz</subfield>
            <subfield code="a">gw</subfield>
         </datafield>
         <datafield tag="100" ind1="1" ind2=" ">
            <subfield code="a">Reymond</subfield>
            <subfield code="D">Jacques-André</subfield>
         </datafield>
         <datafield tag="245" ind1="1" ind2="3">
            <subfield code="a">La fiscalité en désarroi</subfield>
            <subfield code="b">ou ; Les chênes qu'on abat</subfield>
            <subfield code="c">Jacques-André Reymond</subfield>
         </datafield>
         <datafield tag="690" ind1=" " ind2="7">
            <subfield code="B">u</subfield>
            <subfield code="u">JB</subfield>
            <subfield code="a">Allgemeine Steuerrechtsliteratur : Festschriften, Sammelwerke, Bibliographien</subfield>
            <subfield code="2">idssg HD</subfield>
         </datafield>
         <datafield tag="700" ind1="1" ind2="2">
            <subfield code="a">Reymond</subfield>
            <subfield code="D">Jacques-André</subfield>
            <subfield code="t">Les chênes qu'on abat</subfield>
         </datafield>
         <datafield tag="773" ind1=" " ind2="A">
            <subfield code="t">Steuerrecht im Rechtsstaat</subfield>
            <subfield code="d">Bern ; Stuttgart : P. Haupt, 1990</subfield>
            <subfield code="g">S. 277-314</subfield>
            <subfield code="j">277-314</subfield>
            <subfield code="w">(SGBN)000113649</subfield>
            <subfield code="9">271559144</subfield>
         </datafield>
         <datafield tag="912" ind1=" " ind2="7">
            <subfield code="a">rs</subfield>
            <subfield code="2">SGBN</subfield>
         </datafield>
         <datafield tag="950" ind1=" " ind2=" ">
            <subfield code="B">SGBN</subfield>
            <subfield code="P">100</subfield>
            <subfield code="E">1-</subfield>
            <subfield code="a">Reymond</subfield>
            <subfield code="D">Jacques-André</subfield>
         </datafield>
         <datafield tag="950" ind1=" " ind2=" ">
            <subfield code="B">SGBN</subfield>
            <subfield code="P">700</subfield>
            <subfield code="E">12</subfield>
            <subfield code="a">Reymond</subfield>
            <subfield code="D">Jacques-André</subfield>
            <subfield code="t">Les chênes qu'on abat</subfield>
         </datafield>
         <datafield tag="950" ind1=" " ind2=" ">
            <subfield code="B">SGBN</subfield>
            <subfield code="P">773</subfield>
            <subfield code="E">-A</subfield>
            <subfield code="t">Steuerrecht im Rechtsstaat</subfield>
            <subfield code="d">Bern ; Stuttgart : P. Haupt, 1990</subfield>
            <subfield code="g">S. 277-314</subfield>
            <subfield code="j">277-314</subfield>
            <subfield code="w">(SGBN)000113649</subfield>
            <subfield code="9">271559144</subfield>
         </datafield>
         <datafield tag="950" ind1=" " ind2=" ">
            <subfield code="B">IDSSG</subfield>
            <subfield code="P">100</subfield>
            <subfield code="E">1-</subfield>
            <subfield code="a">Reymond</subfield>
            <subfield code="D">Jacques-André</subfield>
            <subfield code="e">Verfasser</subfield>
            <subfield code="4">aut</subfield>
         </datafield>
         <datafield tag="950" ind1=" " ind2=" ">
            <subfield code="B">IDSSG</subfield>
            <subfield code="P">700</subfield>
            <subfield code="E">12</subfield>
            <subfield code="a">Reymond</subfield>
            <subfield code="D">Jacques-André</subfield>
            <subfield code="t">Les chênes qu'on abat</subfield>
         </datafield>
         <datafield tag="950" ind1=" " ind2=" ">
            <subfield code="B">IDSSG</subfield>
            <subfield code="P">773</subfield>
            <subfield code="E">-A</subfield>
            <subfield code="t">Steuerrecht im Rechtsstaat</subfield>
            <subfield code="d">Bern ; Stuttgart : P. Haupt, 1990</subfield>
            <subfield code="g">S. 277-314</subfield>
            <subfield code="j">277-314</subfield>
         </datafield>
         <datafield tag="898" ind1=" " ind2=" ">
            <subfield code="a">BK010000</subfield>
            <subfield code="b">XK010000</subfield>
            <subfield code="c">XK010000</subfield>
         </datafield>
         <datafield tag="852" ind1="4" ind2=" ">
            <subfield code="B">IDSSG</subfield>
            <subfield code="F">C003</subfield>
            <subfield code="b">C003</subfield>
            <subfield code="j">- -</subfield>
            <subfield code="a">-</subfield>
         </datafield>
         <datafield tag="949" ind1=" " ind2=" ">
            <subfield code="B">SGBN</subfield>
            <subfield code="F">SGFDG</subfield>
            <subfield code="b">SGFDG</subfield>
            <subfield code="c">BI</subfield>
            <subfield code="j">FDRD IC 30</subfield>
         </datafield>
         <datafield tag="949" ind1=" " ind2=" ">
            <subfield code="B">SGBN</subfield>
            <subfield code="F">SGKBV</subfield>
            <subfield code="b">SGKBV</subfield>
            <subfield code="c">KM</subfield>
            <subfield code="j">E 9623</subfield>
         </datafield>
         <datafield tag="949" ind1=" " ind2=" ">
            <subfield code="B">SGBN</subfield>
            <subfield code="F">SGKBV</subfield>
            <subfield code="b">SGKBV</subfield>
            <subfield code="c">KM</subfield>
            <subfield code="j">VS Q 42/56</subfield>
         </datafield>
      <datafield tag="690" ind1="H" ind2="D">
            <subfield code="8">JB</subfield>
            <subfield code="a">Allgemeine Steuerrechtsliteratur : Festschriften, Sammelwerke, Bibliographien</subfield>
            <subfield code="2">HSG-IFF</subfield>
        </datafield></record>