<record xmlns:xs="http://www.w3.org/2001/XMLSchema">
         <leader>     cam a22     5  4500</leader>
         <controlfield tag="001">411787829</controlfield>
         <controlfield tag="003">CHVBK</controlfield>
         <controlfield tag="005">20190719105433.0</controlfield>
         <controlfield tag="008">170121s1982    xxu           10    eng d</controlfield>
         <datafield tag="020" ind1=" " ind2=" ">
            <subfield code="z">0-8157-7793-3</subfield>
         </datafield>
         <datafield tag="035" ind1=" " ind2=" ">
            <subfield code="a">(IDSSG)000993626</subfield>
         </datafield>
         <datafield tag="035" ind1=" " ind2=" ">
            <subfield code="a">(RERO)0586349</subfield>
         </datafield>
         <datafield tag="035" ind1=" " ind2=" ">
            <subfield code="a">(VAUD)991003958099702852</subfield>
         </datafield>
         <datafield tag="035" ind1=" " ind2=" ">
            <subfield code="a">(IDSBB)003552990</subfield>
         </datafield>
         <datafield tag="035" ind1=" " ind2=" ">
            <subfield code="a">(RNV)000529084-41bculausa_network</subfield>
         </datafield>
         <datafield tag="035" ind1=" " ind2=" ">
            <subfield code="a">(RERO)000529084</subfield>
         </datafield>
         <datafield tag="035" ind1=" " ind2=" ">
            <subfield code="a">0586349</subfield>
         </datafield>
         <datafield tag="035" ind1=" " ind2=" ">
            <subfield code="a">(EXLNZ-41BCULAUSA_NETWORK)991018535509702851</subfield>
         </datafield>
         <datafield tag="040" ind1=" " ind2=" ">
            <subfield code="a">RERO laidap</subfield>
            <subfield code="b">ger</subfield>
            <subfield code="d">SzZuIDS HSG</subfield>
         </datafield>
         <datafield tag="072" ind1=" " ind2="7">
            <subfield code="a">s1sp</subfield>
            <subfield code="2">rero</subfield>
         </datafield>
         <datafield tag="084" ind1=" " ind2=" ">
            <subfield code="a">MS 4400</subfield>
            <subfield code="2">rvk</subfield>
         </datafield>
         <datafield tag="084" ind1=" " ind2=" ">
            <subfield code="a">PN 991</subfield>
            <subfield code="2">rvk</subfield>
         </datafield>
         <datafield tag="245" ind1="0" ind2="0">
            <subfield code="a">Improving the Accountability and Performance of Government</subfield>
            <subfield code="c">papers by Elmer B. Staats, Rufus E. Miles, Jr ... [et al.] presented at a seminar in honour of Elmer B. Staata at the Brokings Institution on May 6, 1981 ; ed. by Bruce L.R. Smith and James D. Carroll</subfield>
         </datafield>
         <datafield tag="264" ind1=" " ind2="1">
            <subfield code="a">Washington</subfield>
            <subfield code="b">The Brookings Institution</subfield>
            <subfield code="c">[1982]</subfield>
         </datafield>
         <datafield tag="264" ind1=" " ind2="4">
            <subfield code="c">© 1982</subfield>
         </datafield>
         <datafield tag="300" ind1=" " ind2=" ">
            <subfield code="a">IX, 122 p.</subfield>
            <subfield code="b">ill.</subfield>
            <subfield code="c">26 cm</subfield>
         </datafield>
         <datafield tag="490" ind1="1" ind2=" ">
            <subfield code="a">Brookings dialogues on public policy</subfield>
         </datafield>
         <datafield tag="500" ind1=" " ind2=" ">
            <subfield code="a">presented at a seminar in honor of Elmer B. Staats at the Brookings Institution on may 6, 1981</subfield>
         </datafield>
         <datafield tag="650" ind1=" " ind2="7">
            <subfield code="a">Administration publique</subfield>
            <subfield code="2">rero</subfield>
         </datafield>
         <datafield tag="650" ind1=" " ind2="7">
            <subfield code="a">Administration publique</subfield>
            <subfield code="0">(RERO)A021001009</subfield>
            <subfield code="2">rero</subfield>
         </datafield>
         <datafield tag="650" ind1=" " ind2="7">
            <subfield code="a">administration publique</subfield>
            <subfield code="z">Etats-Unis</subfield>
            <subfield code="v">congrès</subfield>
            <subfield code="2">chrero</subfield>
         </datafield>
         <datafield tag="650" ind1=" " ind2="7">
            <subfield code="a">Verwaltung</subfield>
            <subfield code="0">(DE-588)4063317-2</subfield>
            <subfield code="2">gnd</subfield>
         </datafield>
         <datafield tag="651" ind1=" " ind2="7">
            <subfield code="a">Etats-Unis</subfield>
            <subfield code="0">(RERO)A009975208</subfield>
            <subfield code="2">rero</subfield>
         </datafield>
         <datafield tag="651" ind1=" " ind2="7">
            <subfield code="a">USA</subfield>
            <subfield code="0">(DE-588)4078704-7</subfield>
            <subfield code="2">gnd</subfield>
         </datafield>
         <datafield tag="655" ind1=" " ind2="7">
            <subfield code="a">Actes de congrès</subfield>
            <subfield code="2">rero</subfield>
         </datafield>
         <datafield tag="655" ind1=" " ind2="7">
            <subfield code="a">Actes de congrès</subfield>
            <subfield code="2">rero</subfield>
            <subfield code="0">(RERO)A021105530</subfield>
         </datafield>
         <datafield tag="655" ind1=" " ind2="7">
            <subfield code="a">Aufsatzsammlung</subfield>
            <subfield code="2">gnd-content</subfield>
         </datafield>
         <datafield tag="655" ind1=" " ind2="7">
            <subfield code="a">Festschrift</subfield>
            <subfield code="2">gnd-content</subfield>
         </datafield>
         <datafield tag="690" ind1=" " ind2="7">
            <subfield code="B">u</subfield>
            <subfield code="u">YQ</subfield>
            <subfield code="a">Wirtschaftswissenschaften : Spezielle Betriebswirtschaftslehren</subfield>
            <subfield code="2">idssg HD</subfield>
         </datafield>
         <datafield tag="700" ind1="1" ind2=" ">
            <subfield code="a">Smith</subfield>
            <subfield code="D">Bruce Lee Raymond</subfield>
            <subfield code="0">(RERO)A003838898</subfield>
         </datafield>
         <datafield tag="700" ind1="1" ind2=" ">
            <subfield code="a">Staats</subfield>
            <subfield code="D">Elmer B.</subfield>
            <subfield code="0">(RERO)A003855916</subfield>
         </datafield>
         <datafield tag="710" ind1="2" ind2=" ">
            <subfield code="a">Brookings Institution (Washington)</subfield>
            <subfield code="b">Conference</subfield>
            <subfield code="d">(1981</subfield>
            <subfield code="c">Washington)</subfield>
            <subfield code="0">(RERO)A025712651</subfield>
         </datafield>
         <datafield tag="830" ind1=" " ind2="0">
            <subfield code="a">Brookings Dialogues on Public Policy</subfield>
         </datafield>
         <datafield tag="898" ind1=" " ind2=" ">
            <subfield code="a">BK020800</subfield>
            <subfield code="b">XK020000</subfield>
            <subfield code="c">XK020000</subfield>
         </datafield>
         <datafield tag="898" ind1=" " ind2=" ">
            <subfield code="a">BK020400</subfield>
            <subfield code="b">XK020000</subfield>
            <subfield code="c">XK020000</subfield>
         </datafield>
         <datafield tag="908" ind1=" " ind2=" ">
            <subfield code="D">1</subfield>
            <subfield code="a">Festschrift = Mélanges</subfield>
         </datafield>
         <datafield tag="949" ind1=" " ind2=" ">
            <subfield code="B">RERO</subfield>
            <subfield code="F">RE61087</subfield>
            <subfield code="b">RE61087</subfield>
            <subfield code="c">RE610870002</subfield>
            <subfield code="j">33(082.1) BRO 1-8</subfield>
            <subfield code="z">1ère pièce d'un recueil artificiel</subfield>
         </datafield>
         <datafield tag="949" ind1=" " ind2=" ">
            <subfield code="B">VAUD</subfield>
            <subfield code="F">idheap</subfield>
            <subfield code="b">idheap</subfield>
            <subfield code="j">APB 17 35.07(7)ETA</subfield>
            <subfield code="c">810620002</subfield>
         </datafield>
         <datafield tag="949" ind1=" " ind2=" ">
            <subfield code="B">IDSSG</subfield>
            <subfield code="F">HIFF</subfield>
            <subfield code="b">HIFF</subfield>
            <subfield code="c">IFF</subfield>
            <subfield code="j">EA 199</subfield>
         </datafield>
         <datafield tag="949" ind1=" " ind2=" ">
            <subfield code="B">IDSBB</subfield>
            <subfield code="F">A100</subfield>
            <subfield code="b">A100</subfield>
            <subfield code="c">MAG</subfield>
            <subfield code="j">UBH Pb 32931</subfield>
            <subfield code="x">g/2005/Leuenberger</subfield>
         </datafield>
         <datafield tag="950" ind1=" " ind2=" ">
            <subfield code="B">IDSSG</subfield>
            <subfield code="P">490</subfield>
            <subfield code="E">0-</subfield>
            <subfield code="a">Brookings dialogues on public policy</subfield>
         </datafield>
         <datafield tag="950" ind1=" " ind2=" ">
            <subfield code="B">IDSSG</subfield>
            <subfield code="P">700</subfield>
            <subfield code="E">1-</subfield>
            <subfield code="a">Smith</subfield>
            <subfield code="D">Bruce Lee Raymond</subfield>
            <subfield code="0">(RERO)A003838898</subfield>
         </datafield>
         <datafield tag="950" ind1=" " ind2=" ">
            <subfield code="B">IDSSG</subfield>
            <subfield code="P">700</subfield>
            <subfield code="E">1-</subfield>
            <subfield code="a">Staats</subfield>
            <subfield code="D">Elmer B.</subfield>
            <subfield code="0">(RERO)A003855916</subfield>
         </datafield>
         <datafield tag="950" ind1=" " ind2=" ">
            <subfield code="B">IDSSG</subfield>
            <subfield code="P">710</subfield>
            <subfield code="E">2-</subfield>
            <subfield code="a">Brookings Institution (Washington)</subfield>
            <subfield code="b">Conference</subfield>
            <subfield code="d">(1981</subfield>
            <subfield code="c">Washington)</subfield>
            <subfield code="0">(RERO)A025712651</subfield>
         </datafield>
         <datafield tag="950" ind1=" " ind2=" ">
            <subfield code="B">RERO</subfield>
            <subfield code="P">490</subfield>
            <subfield code="E">1-</subfield>
            <subfield code="a">Brookings dialogues on public policy</subfield>
         </datafield>
         <datafield tag="950" ind1=" " ind2=" ">
            <subfield code="B">RERO</subfield>
            <subfield code="P">700</subfield>
            <subfield code="E">1-</subfield>
            <subfield code="a">Smith</subfield>
            <subfield code="D">Bruce Lee Raymond</subfield>
            <subfield code="0">(RERO)A003838898</subfield>
         </datafield>
         <datafield tag="950" ind1=" " ind2=" ">
            <subfield code="B">RERO</subfield>
            <subfield code="P">700</subfield>
            <subfield code="E">1-</subfield>
            <subfield code="a">Staats</subfield>
            <subfield code="D">Elmer B.</subfield>
            <subfield code="0">(RERO)A003855916</subfield>
         </datafield>
         <datafield tag="950" ind1=" " ind2=" ">
            <subfield code="B">RERO</subfield>
            <subfield code="P">710</subfield>
            <subfield code="E">2-</subfield>
            <subfield code="a">Brookings Institution (Washington)</subfield>
            <subfield code="b">Conference</subfield>
            <subfield code="d">(1981</subfield>
            <subfield code="c">Washington)</subfield>
            <subfield code="0">(RERO)A025712651</subfield>
         </datafield>
         <datafield tag="950" ind1=" " ind2=" ">
            <subfield code="B">RERO</subfield>
            <subfield code="P">830</subfield>
            <subfield code="E">--</subfield>
            <subfield code="a">Brookings Dialogues on Public Policy</subfield>
         </datafield>
         <datafield tag="950" ind1=" " ind2=" ">
            <subfield code="B">VAUD</subfield>
            <subfield code="P">490</subfield>
            <subfield code="E">1-</subfield>
            <subfield code="a">Brookings dialogues on public policy</subfield>
         </datafield>
         <datafield tag="950" ind1=" " ind2=" ">
            <subfield code="B">VAUD</subfield>
            <subfield code="P">700</subfield>
            <subfield code="E">1-</subfield>
            <subfield code="a">Smith</subfield>
            <subfield code="D">Bruce Lee Raymond</subfield>
         </datafield>
         <datafield tag="950" ind1=" " ind2=" ">
            <subfield code="B">VAUD</subfield>
            <subfield code="P">700</subfield>
            <subfield code="E">1-</subfield>
            <subfield code="a">Staats</subfield>
            <subfield code="D">Elmer B.</subfield>
         </datafield>
         <datafield tag="950" ind1=" " ind2=" ">
            <subfield code="B">VAUD</subfield>
            <subfield code="P">710</subfield>
            <subfield code="E">2-</subfield>
            <subfield code="a">Brookings Institution (Washington)</subfield>
            <subfield code="b">Conference</subfield>
            <subfield code="d">(1981</subfield>
            <subfield code="c">Washington)</subfield>
         </datafield>
         <datafield tag="950" ind1=" " ind2=" ">
            <subfield code="B">VAUD</subfield>
            <subfield code="P">830</subfield>
            <subfield code="E">--</subfield>
            <subfield code="a">Brookings Dialogues on Public Policy</subfield>
         </datafield>
         <datafield tag="950" ind1=" " ind2=" ">
            <subfield code="B">IDSBB</subfield>
            <subfield code="P">490</subfield>
            <subfield code="E">0-</subfield>
            <subfield code="a">Brookings dialogues on public policy</subfield>
         </datafield>
         <datafield tag="950" ind1=" " ind2=" ">
            <subfield code="B">IDSBB</subfield>
            <subfield code="P">700</subfield>
            <subfield code="E">1-</subfield>
            <subfield code="a">Staats</subfield>
            <subfield code="D">Elmer B.</subfield>
         </datafield>
         <datafield tag="950" ind1=" " ind2=" ">
            <subfield code="B">IDSBB</subfield>
            <subfield code="P">700</subfield>
            <subfield code="E">1-</subfield>
            <subfield code="a">Smith</subfield>
            <subfield code="D">Bruce Lee Raymond</subfield>
         </datafield>
      <datafield tag="690" ind1="H" ind2="D">
            <subfield code="8">YQ</subfield>
            <subfield code="a">Wirtschaftswissenschaften : Spezielle Betriebswirtschaftslehren</subfield>
            <subfield code="2">HSG-IFF</subfield>
        </datafield></record>