<record xmlns:xs="http://www.w3.org/2001/XMLSchema">
         <leader>     nam a22     4  4500</leader>
         <controlfield tag="001">566994119</controlfield>
         <controlfield tag="003">CHVBK</controlfield>
         <controlfield tag="005">20190608095914.0</controlfield>
         <controlfield tag="008">190608s2013    au            10    ger  </controlfield>
         <datafield tag="020" ind1=" " ind2=" ">
            <subfield code="a">978-3-7073-2293-4</subfield>
         </datafield>
         <datafield tag="035" ind1=" " ind2=" ">
            <subfield code="a">(NEBIS)009897518</subfield>
         </datafield>
         <datafield tag="035" ind1=" " ind2=" ">
            <subfield code="a">(IDSSG)000993650</subfield>
         </datafield>
         <datafield tag="035" ind1=" " ind2=" ">
            <subfield code="a">(OCoLC)856052425</subfield>
         </datafield>
         <datafield tag="035" ind1=" " ind2=" ">
            <subfield code="a">(NEBIS)009897518</subfield>
         </datafield>
         <datafield tag="040" ind1=" " ind2=" ">
            <subfield code="a">SzZuIDS NEBIS UNI-RWI</subfield>
         </datafield>
         <datafield tag="245" ind1="0" ind2="0">
            <subfield code="a">Finanzstrafrecht 2012</subfield>
            <subfield code="b">FinStrG-Novelle 2010, Abgabenbetrug, Vortaten der Geldwäscherei, Sanktionensystem neu : mit neuester Rechtspechung und Literatur zum Finanzstrafrecht</subfield>
            <subfield code="c">hrsg. von Roman Leitner</subfield>
         </datafield>
         <datafield tag="260" ind1=" " ind2=" ">
            <subfield code="a">Wien</subfield>
            <subfield code="b">Linde</subfield>
            <subfield code="c">2013</subfield>
         </datafield>
         <datafield tag="300" ind1=" " ind2=" ">
            <subfield code="a">272 S.</subfield>
            <subfield code="b">Ill.</subfield>
         </datafield>
         <datafield tag="500" ind1=" " ind2=" ">
            <subfield code="a">17. Finanzstrafrechtliche Tagung im März 2012 in Linz</subfield>
         </datafield>
         <datafield tag="650" ind1=" " ind2="7">
            <subfield code="a">Rechtsprechung</subfield>
            <subfield code="0">(DE-588)4115710-2</subfield>
            <subfield code="2">gnd</subfield>
         </datafield>
         <datafield tag="650" ind1=" " ind2="7">
            <subfield code="a">Finanzstrafrecht</subfield>
            <subfield code="0">(DE-588)4268641-6</subfield>
            <subfield code="2">gnd</subfield>
         </datafield>
         <datafield tag="655" ind1=" " ind2="7">
            <subfield code="a">Kongress</subfield>
            <subfield code="z">Linz (2012)</subfield>
            <subfield code="2">gnd</subfield>
         </datafield>
         <datafield tag="690" ind1=" " ind2="7">
            <subfield code="B">u</subfield>
            <subfield code="u">MH</subfield>
            <subfield code="a">Verfahrensrecht und Steuerstrafrecht : Allgemeines Steuerstrafrecht</subfield>
            <subfield code="2">idssg HD</subfield>
         </datafield>
         <datafield tag="700" ind1="1" ind2=" ">
            <subfield code="a">Leitner</subfield>
            <subfield code="D">Roman</subfield>
         </datafield>
         <datafield tag="711" ind1="2" ind2=" ">
            <subfield code="a">Finanzstrafrechtliche Tagung</subfield>
            <subfield code="0">(DE-588)1092043039</subfield>
         </datafield>
         <datafield tag="909" ind1=" " ind2="7">
            <subfield code="a">rwimon201307f</subfield>
            <subfield code="c">rosi 130703</subfield>
            <subfield code="d">rwiswk201308b</subfield>
            <subfield code="e">paru</subfield>
            <subfield code="2">idszbz Z2</subfield>
         </datafield>
         <datafield tag="912" ind1=" " ind2="7">
            <subfield code="a">RWI-Sq</subfield>
            <subfield code="2">RWI-201308</subfield>
         </datafield>
         <datafield tag="913" ind1=" " ind2=" ">
            <subfield code="a">Kongress = Congrès</subfield>
            <subfield code="b">2012</subfield>
            <subfield code="c">Linz</subfield>
         </datafield>
         <datafield tag="950" ind1=" " ind2=" ">
            <subfield code="B">NEBIS</subfield>
            <subfield code="P">700</subfield>
            <subfield code="E">1-</subfield>
            <subfield code="a">Leitner</subfield>
            <subfield code="D">Roman</subfield>
         </datafield>
         <datafield tag="950" ind1=" " ind2=" ">
            <subfield code="B">NEBIS</subfield>
            <subfield code="P">711</subfield>
            <subfield code="E">2-</subfield>
            <subfield code="a">Finanzstrafrechtliche Tagung</subfield>
            <subfield code="0">(DE-588)1092043039</subfield>
         </datafield>
         <datafield tag="950" ind1=" " ind2=" ">
            <subfield code="B">IDSSG</subfield>
            <subfield code="P">700</subfield>
            <subfield code="E">1-</subfield>
            <subfield code="a">Leitner</subfield>
            <subfield code="D">Roman</subfield>
         </datafield>
         <datafield tag="950" ind1=" " ind2=" ">
            <subfield code="B">IDSSG</subfield>
            <subfield code="P">711</subfield>
            <subfield code="E">2-</subfield>
            <subfield code="a">Finanzstrafrechtliche Tagung</subfield>
            <subfield code="0">(DE-588)1092043039</subfield>
         </datafield>
         <datafield tag="898" ind1=" " ind2=" ">
            <subfield code="a">BK020800</subfield>
            <subfield code="b">XK020000</subfield>
            <subfield code="c">XK020000</subfield>
         </datafield>
         <datafield tag="949" ind1=" " ind2=" ">
            <subfield code="B">NEBIS</subfield>
            <subfield code="F">Z16</subfield>
            <subfield code="b">Z16</subfield>
            <subfield code="c">Z1601</subfield>
            <subfield code="j">Sgq 63 : 2012</subfield>
         </datafield>
         <datafield tag="956" ind1="4" ind2=" ">
            <subfield code="B">NEBIS</subfield>
            <subfield code="C">ZAD50</subfield>
            <subfield code="D">EBI01</subfield>
            <subfield code="a">Z16</subfield>
            <subfield code="u">https://opac.nebis.ch/objects/pdf03/z16_978-3-7073-2293-4_01.pdf</subfield>
            <subfield code="y">Titelblatt und Inhaltsverzeichnis</subfield>
            <subfield code="x">VIEW</subfield>
            <subfield code="q">pdf</subfield>
         </datafield>
         <datafield tag="949" ind1=" " ind2=" ">
            <subfield code="B">IDSSG</subfield>
            <subfield code="F">HIFF</subfield>
            <subfield code="b">HIFF</subfield>
            <subfield code="c">IFF</subfield>
            <subfield code="j">MH 147</subfield>
         </datafield>
      <datafield tag="690" ind1="H" ind2="D">
            <subfield code="8">MH</subfield>
            <subfield code="a">Verfahrensrecht und Steuerstrafrecht : Allgemeines Steuerstrafrecht</subfield>
            <subfield code="2">HSG-IFF</subfield>
        </datafield></record>