<record xmlns:xs="http://www.w3.org/2001/XMLSchema">
         <leader>     naa a22     2  4500</leader>
         <controlfield tag="001">566992434</controlfield>
         <controlfield tag="003">CHVBK</controlfield>
         <controlfield tag="005">20190608095900.0</controlfield>
         <controlfield tag="008">190608s1975    sz            00    ger  </controlfield>
         <datafield tag="019" ind1=" " ind2=" ">
            <subfield code="a">RekatMedea: 133.0415</subfield>
            <subfield code="5">akswa</subfield>
         </datafield>
         <datafield tag="035" ind1=" " ind2=" ">
            <subfield code="a">(IDSBB)003849181</subfield>
         </datafield>
         <datafield tag="035" ind1=" " ind2=" ">
            <subfield code="a">(IDSSG)000993711</subfield>
         </datafield>
         <datafield tag="035" ind1=" " ind2=" ">
            <subfield code="a">(OCoLC)882883092</subfield>
         </datafield>
         <datafield tag="035" ind1=" " ind2=" ">
            <subfield code="a">(IDSBB)003849181</subfield>
         </datafield>
         <datafield tag="040" ind1=" " ind2=" ">
            <subfield code="a">SzZuIDS BS/BE A125</subfield>
            <subfield code="e">kids</subfield>
         </datafield>
         <datafield tag="100" ind1="1" ind2=" ">
            <subfield code="a">Schneider</subfield>
            <subfield code="D">H. R.</subfield>
         </datafield>
         <datafield tag="245" ind1="1" ind2="0">
            <subfield code="a">EDV-Lösungskonzepte in der Kommunalverwaltung</subfield>
            <subfield code="c">H. R. Schneider</subfield>
         </datafield>
         <datafield tag="690" ind1=" " ind2="7">
            <subfield code="B">u</subfield>
            <subfield code="u">YL3</subfield>
            <subfield code="a">Wirtschaftswissenschaften : Finanzwissenschaft. Betriebswirtschaftliche Steuerlehre : Finanzwirtschaft untergeordneter Gebietskörperschaften</subfield>
            <subfield code="2">idssg HD</subfield>
         </datafield>
         <datafield tag="690" ind1=" " ind2="7">
            <subfield code="B">u</subfield>
            <subfield code="u">YQ</subfield>
            <subfield code="a">Wirtschaftswissenschaften : Spezielle Betriebswirtschaftslehren</subfield>
            <subfield code="2">idssg HD</subfield>
         </datafield>
         <datafield tag="773" ind1="0" ind2="U">
            <subfield code="t">Verwaltungs-Praxis</subfield>
            <subfield code="g">29 (1975), Nr. 6, S. 10-14</subfield>
            <subfield code="j">29/1975/6/10-14</subfield>
            <subfield code="w">(IDSBB)000059084</subfield>
            <subfield code="9">103405100</subfield>
         </datafield>
         <datafield tag="909" ind1=" " ind2="7">
            <subfield code="f">akswamedea</subfield>
            <subfield code="2">idsbb A</subfield>
         </datafield>
         <datafield tag="950" ind1=" " ind2=" ">
            <subfield code="B">IDSBB</subfield>
            <subfield code="P">100</subfield>
            <subfield code="E">1-</subfield>
            <subfield code="a">Schneider</subfield>
            <subfield code="D">H. R.</subfield>
         </datafield>
         <datafield tag="950" ind1=" " ind2=" ">
            <subfield code="B">IDSBB</subfield>
            <subfield code="P">773</subfield>
            <subfield code="E">0U</subfield>
            <subfield code="t">Verwaltungs-Praxis</subfield>
            <subfield code="g">29 (1975), Nr. 6, S. 10-14</subfield>
            <subfield code="j">29/1975/6/10-14</subfield>
            <subfield code="w">(IDSBB)000059084</subfield>
            <subfield code="9">103405100</subfield>
         </datafield>
         <datafield tag="950" ind1=" " ind2=" ">
            <subfield code="B">IDSSG</subfield>
            <subfield code="P">100</subfield>
            <subfield code="E">1-</subfield>
            <subfield code="a">Schneider</subfield>
            <subfield code="D">H. R.</subfield>
            <subfield code="e">Verfasser</subfield>
            <subfield code="4">aut</subfield>
         </datafield>
         <datafield tag="950" ind1=" " ind2=" ">
            <subfield code="B">IDSSG</subfield>
            <subfield code="P">773</subfield>
            <subfield code="E">0U</subfield>
            <subfield code="t">Verwaltungs-Praxis</subfield>
            <subfield code="g">29 (1975), Nr. 6, S. 10-14</subfield>
            <subfield code="j">29/1975/6/10-14</subfield>
         </datafield>
         <datafield tag="898" ind1=" " ind2=" ">
            <subfield code="a">BK010000</subfield>
            <subfield code="b">XK010000</subfield>
            <subfield code="c">XK010000</subfield>
         </datafield>
         <datafield tag="852" ind1="4" ind2=" ">
            <subfield code="B">IDSBB</subfield>
            <subfield code="F">C001</subfield>
            <subfield code="b">C001</subfield>
            <subfield code="j">- -</subfield>
            <subfield code="a">-</subfield>
         </datafield>
         <datafield tag="949" ind1=" " ind2=" ">
            <subfield code="B">IDSSG</subfield>
            <subfield code="F">HIFF</subfield>
            <subfield code="b">HIFF</subfield>
            <subfield code="c">SEP</subfield>
            <subfield code="j">EC Sep. 01</subfield>
         </datafield>
      <datafield tag="690" ind1="H" ind2="D">
            <subfield code="8">YL3</subfield>
            <subfield code="a">Wirtschaftswissenschaften : Finanzwissenschaft. Betriebswirtschaftliche Steuerlehre : Finanzwirtschaft untergeordneter Gebietskörperschaften</subfield>
            <subfield code="2">HSG-IFF</subfield>
        </datafield><datafield tag="690" ind1="H" ind2="D">
            <subfield code="8">YQ</subfield>
            <subfield code="a">Wirtschaftswissenschaften : Spezielle Betriebswirtschaftslehren</subfield>
            <subfield code="2">HSG-IFF</subfield>
            </datafield></record>