<record xmlns:xs="http://www.w3.org/2001/XMLSchema">
         <leader>     cam a22     u  4500</leader>
         <controlfield tag="001">358642280</controlfield>
         <controlfield tag="003">CHVBK</controlfield>
         <controlfield tag="005">20190511133139.0</controlfield>
         <controlfield tag="008">160328s1990    sz            00    ger d</controlfield>
         <datafield tag="035" ind1=" " ind2=" ">
            <subfield code="a">(IDSLU)000053189</subfield>
         </datafield>
         <datafield tag="035" ind1=" " ind2=" ">
            <subfield code="a">(IDSBB)000626646</subfield>
         </datafield>
         <datafield tag="035" ind1=" " ind2=" ">
            <subfield code="a">(NEBIS)001150156</subfield>
         </datafield>
         <datafield tag="035" ind1=" " ind2=" ">
            <subfield code="a">(SGBN)000121488</subfield>
         </datafield>
         <datafield tag="035" ind1=" " ind2=" ">
            <subfield code="a">(ALEX)9973324101791</subfield>
         </datafield>
         <datafield tag="035" ind1=" " ind2=" ">
            <subfield code="a">(SNL)991005276489703976</subfield>
         </datafield>
         <datafield tag="035" ind1=" " ind2=" ">
            <subfield code="a">(Sz)150156-41snl_51</subfield>
         </datafield>
         <datafield tag="035" ind1=" " ind2=" ">
            <subfield code="a">(Sz)vtls000150156</subfield>
         </datafield>
         <datafield tag="035" ind1=" " ind2=" ">
            <subfield code="a">(Sz)000150156</subfield>
         </datafield>
         <datafield tag="040" ind1=" " ind2=" ">
            <subfield code="a">SzZuIDS LU LUZHB</subfield>
            <subfield code="e">kids</subfield>
         </datafield>
         <datafield tag="041" ind1="0" ind2=" ">
            <subfield code="a">ger</subfield>
            <subfield code="a">fre</subfield>
         </datafield>
         <datafield tag="082" ind1="1" ind2=" ">
            <subfield code="a">320</subfield>
            <subfield code="2">15</subfield>
         </datafield>
         <datafield tag="082" ind1="1" ind2=" ">
            <subfield code="a">340</subfield>
            <subfield code="2">15</subfield>
         </datafield>
         <datafield tag="245" ind1="0" ind2="0">
            <subfield code="a">Effizienz und öffentliches Dienstrecht</subfield>
            <subfield code="b">Versuch einer kritischen Bilanz : Tagung der SGVW vom 7. November 1988</subfield>
            <subfield code="c">A. Hofmeister (Hrsg.) = Efficacité et droit de la fonction publique</subfield>
         </datafield>
         <datafield tag="246" ind1="1" ind2=" ">
            <subfield code="a">Efficacité et droit de la fonction publique</subfield>
            <subfield code="b">un premier bilan critique</subfield>
         </datafield>
         <datafield tag="246" ind1="1" ind2=" ">
            <subfield code="a">Efficacité et droit de la fonction publique - un premier bilan critique</subfield>
         </datafield>
         <datafield tag="264" ind1=" " ind2="1">
            <subfield code="a">[Bern]</subfield>
            <subfield code="b">SGVW</subfield>
            <subfield code="c">1990</subfield>
         </datafield>
         <datafield tag="300" ind1=" " ind2=" ">
            <subfield code="a">100 S.</subfield>
            <subfield code="b">Ill.</subfield>
            <subfield code="c">21 cm.</subfield>
         </datafield>
         <datafield tag="490" ind1="1" ind2=" ">
            <subfield code="a">Schriftenreihe der Schweizerischen Gesellschaft für Verwaltungswissenschaften (SGVW)</subfield>
            <subfield code="v">Bd. 12</subfield>
            <subfield code="i">12</subfield>
            <subfield code="w">(IDSLU)000187900</subfield>
            <subfield code="9">357898303</subfield>
         </datafield>
         <datafield tag="500" ind1=" " ind2=" ">
            <subfield code="a">Tagungsort wahrscheinlich Bern</subfield>
         </datafield>
         <datafield tag="650" ind1=" " ind2="7">
            <subfield code="a">Verwaltung</subfield>
            <subfield code="x">Effizienz</subfield>
            <subfield code="z">Schweiz</subfield>
            <subfield code="v">Kongressbericht</subfield>
            <subfield code="2">idsbb</subfield>
         </datafield>
         <datafield tag="650" ind1=" " ind2="7">
            <subfield code="a">Beamtenrecht</subfield>
            <subfield code="z">Schweiz</subfield>
            <subfield code="v">Kongressbericht</subfield>
            <subfield code="2">idsbb</subfield>
         </datafield>
         <datafield tag="650" ind1=" " ind2="7">
            <subfield code="a">Verwaltung</subfield>
            <subfield code="0">(DE-588)4063317-2</subfield>
            <subfield code="2">gnd</subfield>
         </datafield>
         <datafield tag="650" ind1=" " ind2="7">
            <subfield code="a">Effizienz</subfield>
            <subfield code="0">(DE-588)4013585-8</subfield>
            <subfield code="2">gnd</subfield>
         </datafield>
         <datafield tag="650" ind1=" " ind2="7">
            <subfield code="a">Dienstrecht</subfield>
            <subfield code="2">idszbz</subfield>
         </datafield>
         <datafield tag="650" ind1=" " ind2="7">
            <subfield code="a">Effizienz</subfield>
            <subfield code="2">idszbz</subfield>
         </datafield>
         <datafield tag="650" ind1=" " ind2="7">
            <subfield code="a">Verwaltung</subfield>
            <subfield code="2">idszbz</subfield>
         </datafield>
         <datafield tag="650" ind1=" " ind2="7">
            <subfield code="a">Dienstrecht</subfield>
            <subfield code="0">(DE-588)4113306-7</subfield>
            <subfield code="2">gnd</subfield>
         </datafield>
         <datafield tag="650" ind1=" " ind2="2">
            <subfield code="a">Organization and Administration</subfield>
         </datafield>
         <datafield tag="650" ind1=" " ind2="2">
            <subfield code="a">Organizations, Nonprofit</subfield>
         </datafield>
         <datafield tag="650" ind1=" " ind2="2">
            <subfield code="a">Efficiency</subfield>
         </datafield>
         <datafield tag="651" ind1=" " ind2="7">
            <subfield code="a">Schweiz</subfield>
            <subfield code="0">(DE-588)4053881-3</subfield>
            <subfield code="2">gnd</subfield>
         </datafield>
         <datafield tag="651" ind1=" " ind2="7">
            <subfield code="a">Schweiz</subfield>
            <subfield code="2">idszbz</subfield>
         </datafield>
         <datafield tag="655" ind1=" " ind2="7">
            <subfield code="a">Konferenzschrift</subfield>
            <subfield code="z">Bern</subfield>
            <subfield code="y">1988</subfield>
            <subfield code="2">gnd-content</subfield>
         </datafield>
         <datafield tag="690" ind1=" " ind2="7">
            <subfield code="B">u</subfield>
            <subfield code="a">Dienstrecht, B: öffentliches: Effizienz</subfield>
            <subfield code="2">idslu L1</subfield>
         </datafield>
         <datafield tag="690" ind1=" " ind2="7">
            <subfield code="B">u</subfield>
            <subfield code="a">Beamtenrecht. Schweiz, B: Effizienz</subfield>
            <subfield code="2">idslu L1</subfield>
         </datafield>
         <datafield tag="690" ind1=" " ind2="7">
            <subfield code="B">u</subfield>
            <subfield code="a">Verwaltung, öffentliche, B: Effizienz. Schweiz</subfield>
            <subfield code="2">idslu L1</subfield>
         </datafield>
         <datafield tag="690" ind1=" " ind2="7">
            <subfield code="B">u</subfield>
            <subfield code="a">Kongress</subfield>
            <subfield code="2">idsuzh UC</subfield>
         </datafield>
         <datafield tag="690" ind1=" " ind2="7">
            <subfield code="B">u</subfield>
            <subfield code="a">Verwaltung</subfield>
            <subfield code="2">idsuzh UC</subfield>
         </datafield>
         <datafield tag="690" ind1=" " ind2="7">
            <subfield code="B">u</subfield>
            <subfield code="a">Beamtenrecht</subfield>
            <subfield code="2">idsuzh UC</subfield>
         </datafield>
         <datafield tag="690" ind1=" " ind2="7">
            <subfield code="B">s</subfield>
            <subfield code="a">Beamtenrecht</subfield>
            <subfield code="2">alex helvetosaurus</subfield>
         </datafield>
         <datafield tag="690" ind1=" " ind2="7">
            <subfield code="B">s</subfield>
            <subfield code="a">Recht</subfield>
            <subfield code="2">alex voc11</subfield>
         </datafield>
         <datafield tag="690" ind1=" " ind2="7">
            <subfield code="B">s</subfield>
            <subfield code="a">Dienstleistungen</subfield>
            <subfield code="2">alex voc11</subfield>
         </datafield>
         <datafield tag="690" ind1=" " ind2="7">
            <subfield code="B">s</subfield>
            <subfield code="a">Personal</subfield>
            <subfield code="2">alex helvetosaurus</subfield>
         </datafield>
         <datafield tag="690" ind1=" " ind2="7">
            <subfield code="B">s</subfield>
            <subfield code="a">Konferenz</subfield>
            <subfield code="2">alex helvetosaurus</subfield>
         </datafield>
         <datafield tag="690" ind1=" " ind2="7">
            <subfield code="B">s</subfield>
            <subfield code="a">Öffentliches Recht</subfield>
            <subfield code="2">alex midonas</subfield>
         </datafield>
         <datafield tag="690" ind1=" " ind2="7">
            <subfield code="B">s</subfield>
            <subfield code="a">Verwaltung</subfield>
            <subfield code="2">alex midonas</subfield>
         </datafield>
         <datafield tag="690" ind1=" " ind2="7">
            <subfield code="B">s</subfield>
            <subfield code="a">Rechtsprechung</subfield>
            <subfield code="2">alex midonas</subfield>
         </datafield>
         <datafield tag="691" ind1=" " ind2="7">
            <subfield code="B">u</subfield>
            <subfield code="a">DIENSTRECHT (ÖFFENTLICHES RECHT)</subfield>
            <subfield code="z">ger</subfield>
            <subfield code="u">34.023,3*1</subfield>
            <subfield code="2">nebis E1</subfield>
         </datafield>
         <datafield tag="691" ind1=" " ind2="7">
            <subfield code="B">u</subfield>
            <subfield code="a">SCHWEIZ (MITTELEUROPA). SCHWEIZERISCHE EIDGENOSSENSCHAFT</subfield>
            <subfield code="z">ger</subfield>
            <subfield code="u">(494)</subfield>
            <subfield code="2">nebis E1</subfield>
         </datafield>
         <datafield tag="691" ind1=" " ind2="7">
            <subfield code="B">u</subfield>
            <subfield code="a">DROIT DE LA FONCTION PUBLIQUE (DROIT PUBLIC)</subfield>
            <subfield code="z">fre</subfield>
            <subfield code="u">34.023,3*1</subfield>
            <subfield code="2">nebis E1</subfield>
         </datafield>
         <datafield tag="691" ind1=" " ind2="7">
            <subfield code="B">u</subfield>
            <subfield code="a">OFFICIAL LAW (PUBLIC LAW)</subfield>
            <subfield code="z">eng</subfield>
            <subfield code="u">34.023,3*1</subfield>
            <subfield code="2">nebis E1</subfield>
         </datafield>
         <datafield tag="691" ind1=" " ind2="7">
            <subfield code="B">u</subfield>
            <subfield code="a">SUISSE (EUROPE CENTRALE). CONFÉDÉRATION SUISSE</subfield>
            <subfield code="z">fre</subfield>
            <subfield code="u">(494)</subfield>
            <subfield code="2">nebis E1</subfield>
         </datafield>
         <datafield tag="691" ind1=" " ind2="7">
            <subfield code="B">u</subfield>
            <subfield code="a">SWITZERLAND (CENTRAL EUROPE). SWISS CONFEDERATION</subfield>
            <subfield code="z">eng</subfield>
            <subfield code="u">(494)</subfield>
            <subfield code="2">nebis E1</subfield>
         </datafield>
         <datafield tag="700" ind1="1" ind2=" ">
            <subfield code="a">Hofmeister</subfield>
            <subfield code="D">Albert</subfield>
         </datafield>
         <datafield tag="710" ind1="2" ind2=" ">
            <subfield code="a">Schweizerische Gesellschaft für Verwaltungswissenschaften</subfield>
            <subfield code="0">(DE-588)2098997-0</subfield>
         </datafield>
         <datafield tag="830" ind1=" " ind2="0">
            <subfield code="a">Schriftenreihe der Schweizerischen Gesellschaft für Verwaltungswissenschaften (SGVW)</subfield>
            <subfield code="v">12</subfield>
         </datafield>
         <datafield tag="830" ind1=" " ind2="0">
            <subfield code="a">Publications de la Société suisse des sciences administratives (SSSA)</subfield>
            <subfield code="v">12</subfield>
         </datafield>
         <datafield tag="909" ind1=" " ind2="7">
            <subfield code="a">rwimon201203l</subfield>
            <subfield code="c">bice</subfield>
            <subfield code="2">idszbz Z2</subfield>
         </datafield>
         <datafield tag="912" ind1=" " ind2="7">
            <subfield code="a">850</subfield>
            <subfield code="2">IDS LU</subfield>
         </datafield>
         <datafield tag="912" ind1=" " ind2="7">
            <subfield code="a">po</subfield>
            <subfield code="2">SzZuIDS BS/BE</subfield>
         </datafield>
         <datafield tag="912" ind1=" " ind2="7">
            <subfield code="a">rf</subfield>
            <subfield code="2">SzZuIDS BS/BE</subfield>
         </datafield>
         <datafield tag="912" ind1=" " ind2="7">
            <subfield code="a">M111</subfield>
            <subfield code="2">Z01</subfield>
         </datafield>
         <datafield tag="912" ind1=" " ind2="7">
            <subfield code="a">ww</subfield>
            <subfield code="2">SGBN</subfield>
         </datafield>
         <datafield tag="913" ind1=" " ind2=" ">
            <subfield code="a">Kongress = Congrès</subfield>
            <subfield code="b">1990</subfield>
         </datafield>
         <datafield tag="950" ind1=" " ind2=" ">
            <subfield code="B">IDSLU</subfield>
            <subfield code="P">490</subfield>
            <subfield code="E">0-</subfield>
            <subfield code="a">Schriftenreihe der Schweizerischen Gesellschaft für Verwaltungswissenschaften (SGVW)</subfield>
            <subfield code="v">Bd. 12</subfield>
            <subfield code="i">12</subfield>
            <subfield code="w">(IDSLU)000187900</subfield>
            <subfield code="9">357898303</subfield>
         </datafield>
         <datafield tag="950" ind1=" " ind2=" ">
            <subfield code="B">IDSLU</subfield>
            <subfield code="P">700</subfield>
            <subfield code="E">1-</subfield>
            <subfield code="a">Hofmeister</subfield>
            <subfield code="D">Albert</subfield>
         </datafield>
         <datafield tag="950" ind1=" " ind2=" ">
            <subfield code="B">IDSLU</subfield>
            <subfield code="P">710</subfield>
            <subfield code="E">2-</subfield>
            <subfield code="a">Schweizerische Gesellschaft für Verwaltungswissenschaften</subfield>
            <subfield code="0">(DE-588)2098997-0</subfield>
         </datafield>
         <datafield tag="950" ind1=" " ind2=" ">
            <subfield code="B">IDSBB</subfield>
            <subfield code="P">490</subfield>
            <subfield code="E">0-</subfield>
            <subfield code="a">Schriftenreihe der Schweizerischen Gesellschaft für Verwaltungswissenschaften</subfield>
            <subfield code="v">Bd. 12</subfield>
            <subfield code="i">12</subfield>
            <subfield code="w">(IDSBB)000198807</subfield>
            <subfield code="9">482804793</subfield>
         </datafield>
         <datafield tag="950" ind1=" " ind2=" ">
            <subfield code="B">IDSBB</subfield>
            <subfield code="P">700</subfield>
            <subfield code="E">1-</subfield>
            <subfield code="a">Hofmeister</subfield>
            <subfield code="D">Albert E.</subfield>
         </datafield>
         <datafield tag="950" ind1=" " ind2=" ">
            <subfield code="B">IDSBB</subfield>
            <subfield code="P">710</subfield>
            <subfield code="E">2-</subfield>
            <subfield code="a">Schweizerische Gesellschaft für Verwaltungswissenschaften</subfield>
            <subfield code="b">Tagung</subfield>
            <subfield code="0">(DE-588)1085818446</subfield>
         </datafield>
         <datafield tag="950" ind1=" " ind2=" ">
            <subfield code="B">NEBIS</subfield>
            <subfield code="P">490</subfield>
            <subfield code="E">--</subfield>
            <subfield code="a">Schriftenreihe der Schweizerischen Gesellschaft für Verwaltungswissenschaften (SGVW)</subfield>
            <subfield code="v">Band 12</subfield>
            <subfield code="i">12</subfield>
            <subfield code="w">(NEBIS)000629980</subfield>
            <subfield code="9">482804793</subfield>
         </datafield>
         <datafield tag="950" ind1=" " ind2=" ">
            <subfield code="B">NEBIS</subfield>
            <subfield code="P">700</subfield>
            <subfield code="E">1-</subfield>
            <subfield code="a">Hofmeister</subfield>
            <subfield code="D">Albert</subfield>
            <subfield code="d">1947-</subfield>
            <subfield code="0">(DE-588)1089228880</subfield>
         </datafield>
         <datafield tag="950" ind1=" " ind2=" ">
            <subfield code="B">NEBIS</subfield>
            <subfield code="P">710</subfield>
            <subfield code="E">2-</subfield>
            <subfield code="a">Schweizerische Gesellschaft für Verwaltungswissenschaften</subfield>
            <subfield code="0">(DE-588)2098997-0</subfield>
         </datafield>
         <datafield tag="950" ind1=" " ind2=" ">
            <subfield code="B">SGBN</subfield>
            <subfield code="P">490</subfield>
            <subfield code="E">0-</subfield>
            <subfield code="a">Schriftenreihe der Schweizerischen Gesellschaft für Verwaltungswissenschaften</subfield>
            <subfield code="v">Bd 12</subfield>
            <subfield code="i">12</subfield>
            <subfield code="w">(SGBN)000079980</subfield>
            <subfield code="9">357898303</subfield>
         </datafield>
         <datafield tag="950" ind1=" " ind2=" ">
            <subfield code="B">SGBN</subfield>
            <subfield code="P">700</subfield>
            <subfield code="E">1-</subfield>
            <subfield code="a">Hofmeister</subfield>
            <subfield code="D">A.</subfield>
         </datafield>
         <datafield tag="950" ind1=" " ind2=" ">
            <subfield code="B">ALEX</subfield>
            <subfield code="P">490</subfield>
            <subfield code="E">1-</subfield>
            <subfield code="a">Schriftenreihe der Schweizerischen Gesellschaft für Verwaltungswissenschaften</subfield>
            <subfield code="v">12</subfield>
         </datafield>
         <datafield tag="950" ind1=" " ind2=" ">
            <subfield code="B">ALEX</subfield>
            <subfield code="P">700</subfield>
            <subfield code="E">1-</subfield>
            <subfield code="a">Hofmeister</subfield>
            <subfield code="D">Albert</subfield>
         </datafield>
         <datafield tag="950" ind1=" " ind2=" ">
            <subfield code="B">ALEX</subfield>
            <subfield code="P">710</subfield>
            <subfield code="E">2-</subfield>
            <subfield code="a">Schweizerische Gesellschaft für Verwaltungswissenschaften</subfield>
         </datafield>
         <datafield tag="950" ind1=" " ind2=" ">
            <subfield code="B">ALEX</subfield>
            <subfield code="P">711</subfield>
            <subfield code="E">2-</subfield>
            <subfield code="a">Kongress</subfield>
            <subfield code="d">(1988)</subfield>
         </datafield>
         <datafield tag="950" ind1=" " ind2=" ">
            <subfield code="B">ALEX</subfield>
            <subfield code="P">830</subfield>
            <subfield code="E">--</subfield>
            <subfield code="a">Schriftenreihe der Schweizerischen Gesellschaft für Verwaltungswissenschaften (SGVW)</subfield>
            <subfield code="v">12</subfield>
         </datafield>
         <datafield tag="950" ind1=" " ind2=" ">
            <subfield code="B">ALEX</subfield>
            <subfield code="P">830</subfield>
            <subfield code="E">--</subfield>
            <subfield code="a">Publications de la Société suisse des sciences administratives (SSSA)</subfield>
            <subfield code="v">12</subfield>
         </datafield>
         <datafield tag="950" ind1=" " ind2=" ">
            <subfield code="B">SNL</subfield>
            <subfield code="P">490</subfield>
            <subfield code="E">1-</subfield>
            <subfield code="a">Schriftenreihe der Schweizerischen Gesellschaft für Verwaltungswissenschaften (SGVW)</subfield>
            <subfield code="v">12</subfield>
         </datafield>
         <datafield tag="950" ind1=" " ind2=" ">
            <subfield code="B">SNL</subfield>
            <subfield code="P">700</subfield>
            <subfield code="E">1-</subfield>
            <subfield code="a">Hofmeister</subfield>
            <subfield code="D">Albert</subfield>
         </datafield>
         <datafield tag="950" ind1=" " ind2=" ">
            <subfield code="B">SNL</subfield>
            <subfield code="P">710</subfield>
            <subfield code="E">2-</subfield>
            <subfield code="a">Schweizerische Gesellschaft für Verwaltungswissenschaften</subfield>
            <subfield code="0">(DE-588)2098997-0</subfield>
         </datafield>
         <datafield tag="950" ind1=" " ind2=" ">
            <subfield code="B">SNL</subfield>
            <subfield code="P">830</subfield>
            <subfield code="E">--</subfield>
            <subfield code="a">Schriftenreihe der Schweizerischen Gesellschaft für Verwaltungswissenschaften SGVW</subfield>
            <subfield code="v">12</subfield>
         </datafield>
         <datafield tag="986" ind1=" " ind2=" ">
            <subfield code="a">SWISSBIB</subfield>
            <subfield code="b">358642280</subfield>
         </datafield>
         <datafield tag="898" ind1=" " ind2=" ">
            <subfield code="a">BK020000</subfield>
            <subfield code="b">XK020000</subfield>
            <subfield code="c">XK020000</subfield>
         </datafield>
         <datafield tag="898" ind1=" " ind2=" ">
            <subfield code="a">BK020800</subfield>
            <subfield code="b">XK020000</subfield>
            <subfield code="c">XK020000</subfield>
         </datafield>
         <datafield tag="949" ind1=" " ind2=" ">
            <subfield code="B">SNL</subfield>
            <subfield code="F">NB001</subfield>
            <subfield code="b">NB001</subfield>
            <subfield code="j">P 33535/12</subfield>
            <subfield code="c">NB10011</subfield>
         </datafield>
         <datafield tag="949" ind1=" " ind2=" ">
            <subfield code="B">NEBIS</subfield>
            <subfield code="F">E51</subfield>
            <subfield code="b">E51</subfield>
            <subfield code="c">E51BW</subfield>
            <subfield code="j">WM 351 SGVW Sch Bd.12</subfield>
         </datafield>
         <datafield tag="949" ind1=" " ind2=" ">
            <subfield code="B">NEBIS</subfield>
            <subfield code="F">UBFB</subfield>
            <subfield code="b">UBFB</subfield>
            <subfield code="c">ULBMA</subfield>
            <subfield code="j">ZWD R 156:12</subfield>
         </datafield>
         <datafield tag="949" ind1=" " ind2=" ">
            <subfield code="B">NEBIS</subfield>
            <subfield code="F">UIPZ</subfield>
            <subfield code="b">UIPZ</subfield>
            <subfield code="c">ULMGZ</subfield>
            <subfield code="j">IPZ SGVW 12</subfield>
         </datafield>
         <datafield tag="949" ind1=" " ind2=" ">
            <subfield code="B">NEBIS</subfield>
            <subfield code="F">Z01</subfield>
            <subfield code="b">Z01</subfield>
            <subfield code="c">04</subfield>
            <subfield code="j">TC 7489: 12</subfield>
         </datafield>
         <datafield tag="949" ind1=" " ind2=" ">
            <subfield code="B">NEBIS</subfield>
            <subfield code="F">Z16</subfield>
            <subfield code="b">Z16</subfield>
            <subfield code="c">Z1601</subfield>
            <subfield code="j">Tyy 10 : 12</subfield>
         </datafield>
         <datafield tag="949" ind1=" " ind2=" ">
            <subfield code="B">IDSBB</subfield>
            <subfield code="F">A100</subfield>
            <subfield code="b">A100</subfield>
            <subfield code="c">100ZM</subfield>
            <subfield code="j">UBH Oek Zs 2065:12</subfield>
            <subfield code="x">Akz: ba/uub-/k/f105683</subfield>
         </datafield>
         <datafield tag="949" ind1=" " ind2=" ">
            <subfield code="B">IDSBB</subfield>
            <subfield code="F">A125</subfield>
            <subfield code="b">A125</subfield>
            <subfield code="c">125ST</subfield>
            <subfield code="j">SWA Fw B 1c</subfield>
            <subfield code="x">Akz: ba/uswa/g</subfield>
         </datafield>
         <datafield tag="949" ind1=" " ind2=" ">
            <subfield code="B">IDSBB</subfield>
            <subfield code="F">A208</subfield>
            <subfield code="b">A208</subfield>
            <subfield code="c">LS</subfield>
            <subfield code="j">JF M Conv 16 (25)</subfield>
            <subfield code="x">Akz: ba/iirw/k/d 90</subfield>
         </datafield>
         <datafield tag="949" ind1=" " ind2=" ">
            <subfield code="B">IDSBB</subfield>
            <subfield code="F">B464</subfield>
            <subfield code="b">B464</subfield>
            <subfield code="c">464PM</subfield>
            <subfield code="j">KPM 3.310/ 13</subfield>
         </datafield>
         <datafield tag="949" ind1=" " ind2=" ">
            <subfield code="B">IDSLU</subfield>
            <subfield code="F">LUZHB</subfield>
            <subfield code="b">LUSBI</subfield>
            <subfield code="c">SBIZB</subfield>
            <subfield code="j">R.h 8969</subfield>
         </datafield>
         <datafield tag="949" ind1=" " ind2=" ">
            <subfield code="B">SGBN</subfield>
            <subfield code="F">SGKBV</subfield>
            <subfield code="b">SGKBV</subfield>
            <subfield code="c">DEPOT</subfield>
            <subfield code="j">P 434.12</subfield>
         </datafield>
         <datafield tag="949" ind1=" " ind2=" ">
            <subfield code="B">SGBN</subfield>
            <subfield code="F">SGSKR</subfield>
            <subfield code="b">SGSKR</subfield>
            <subfield code="c">BISS</subfield>
            <subfield code="j">SKRd Ga 14</subfield>
         </datafield>
         <datafield tag="949" ind1=" " ind2=" ">
            <subfield code="B">ALEX</subfield>
            <subfield code="F">BFS</subfield>
            <subfield code="b">BFS</subfield>
            <subfield code="j">BFS 10199 10 31 010000 0012 0</subfield>
            <subfield code="c">Archiv</subfield>
         </datafield>
         <datafield tag="949" ind1=" " ind2=" ">
            <subfield code="B">ALEX</subfield>
            <subfield code="F">BIG</subfield>
            <subfield code="b">BIG</subfield>
            <subfield code="j">BIG VTG 2-33-7618</subfield>
            <subfield code="c">Magazin1</subfield>
         </datafield>
         <datafield tag="949" ind1=" " ind2=" ">
            <subfield code="B">ALEX</subfield>
            <subfield code="F">BIG</subfield>
            <subfield code="b">BIG</subfield>
            <subfield code="j">BIG EPZB Z 1103(12)</subfield>
            <subfield code="c">Magazin1</subfield>
         </datafield>
      <datafield tag="690" ind1="H" ind2="D">
            <subfield code="8">YQ</subfield>
            <subfield code="a">Wirtschaftswissenschaften : Spezielle Betriebswirtschaftslehren</subfield>
            <subfield code="2">HSG-IFF</subfield>
        </datafield></record>