<record xmlns:xs="http://www.w3.org/2001/XMLSchema">
         <leader>     cam a22     4  4500</leader>
         <controlfield tag="001">284401196</controlfield>
         <controlfield tag="003">CHVBK</controlfield>
         <controlfield tag="005">20190716070843.0</controlfield>
         <controlfield tag="008">130819s1990    fr       b||| 000 0 fre|d</controlfield>
         <datafield tag="010" ind1=" " ind2=" ">
            <subfield code="a">   90211548 </subfield>
         </datafield>
         <datafield tag="019" ind1=" " ind2=" ">
            <subfield code="a">BPUN: Dépouillement des contrib. neuch.</subfield>
            <subfield code="5">11.08.1990/nebpun/mst</subfield>
         </datafield>
         <datafield tag="019" ind1=" " ind2=" ">
            <subfield code="a">BPUN: Jeanrenaud = NE.</subfield>
         </datafield>
         <datafield tag="020" ind1=" " ind2=" ">
            <subfield code="a">2-7178-1875-8</subfield>
         </datafield>
         <datafield tag="020" ind1=" " ind2=" ">
            <subfield code="a">978-2-7178-1875-8</subfield>
         </datafield>
         <datafield tag="035" ind1=" " ind2=" ">
            <subfield code="a">(NEBIS)006577642</subfield>
         </datafield>
         <datafield tag="035" ind1=" " ind2=" ">
            <subfield code="a">(IDSSG)000993994</subfield>
         </datafield>
         <datafield tag="035" ind1=" " ind2=" ">
            <subfield code="a">(IDSBB)000982674</subfield>
         </datafield>
         <datafield tag="035" ind1=" " ind2=" ">
            <subfield code="a">(SNL)991006162939703976</subfield>
         </datafield>
         <datafield tag="035" ind1=" " ind2=" ">
            <subfield code="a">(RERO)1273256</subfield>
         </datafield>
         <datafield tag="035" ind1=" " ind2=" ">
            <subfield code="a">(VAUD)991018706739702852</subfield>
         </datafield>
         <datafield tag="035" ind1=" " ind2=" ">
            <subfield code="a">(SBT)000615657</subfield>
         </datafield>
         <datafield tag="035" ind1=" " ind2=" ">
            <subfield code="a">(OCoLC)299431947</subfield>
         </datafield>
         <datafield tag="035" ind1=" " ind2=" ">
            <subfield code="a">(Sz)171571-41snl_51</subfield>
         </datafield>
         <datafield tag="035" ind1=" " ind2=" ">
            <subfield code="a">(Sz)vtls000171571</subfield>
         </datafield>
         <datafield tag="035" ind1=" " ind2=" ">
            <subfield code="a">(Sz)000171571</subfield>
         </datafield>
         <datafield tag="035" ind1=" " ind2=" ">
            <subfield code="a">(RNV)001163401-41bculausa_network</subfield>
         </datafield>
         <datafield tag="035" ind1=" " ind2=" ">
            <subfield code="a">(RERO)001163401</subfield>
         </datafield>
         <datafield tag="035" ind1=" " ind2=" ">
            <subfield code="a">(EXLNZ-41BCULAUSA_NETWORK)991006240999702851</subfield>
         </datafield>
         <datafield tag="035" ind1=" " ind2=" ">
            <subfield code="a">1273256</subfield>
         </datafield>
         <datafield tag="040" ind1=" " ind2=" ">
            <subfield code="a">RUQBL</subfield>
            <subfield code="d">SzZuIDS NEBIS EPF-BIB</subfield>
         </datafield>
         <datafield tag="050" ind1=" " ind2=" ">
            <subfield code="a">HJ192 J43g</subfield>
         </datafield>
         <datafield tag="072" ind1=" " ind2="7">
            <subfield code="a">s1se</subfield>
            <subfield code="2">rero</subfield>
         </datafield>
         <datafield tag="082" ind1="1" ind2=" ">
            <subfield code="a">336.012</subfield>
            <subfield code="2">22</subfield>
         </datafield>
         <datafield tag="082" ind1="1" ind2=" ">
            <subfield code="a">320</subfield>
            <subfield code="2">15</subfield>
         </datafield>
         <datafield tag="082" ind1="1" ind2=" ">
            <subfield code="a">330</subfield>
            <subfield code="2">15</subfield>
         </datafield>
         <datafield tag="084" ind1=" " ind2=" ">
            <subfield code="a">336.1</subfield>
            <subfield code="a">BCUDhe</subfield>
            <subfield code="2">CLASBCUD</subfield>
         </datafield>
         <datafield tag="245" ind1="0" ind2="0">
            <subfield code="a">Gérer l'austérité budgétaire</subfield>
            <subfield code="c">Claude Jeanrenaud et Wim Moesen (éd.)</subfield>
         </datafield>
         <datafield tag="260" ind1=" " ind2=" ">
            <subfield code="a">Paris</subfield>
            <subfield code="b">Economica</subfield>
            <subfield code="c">1990</subfield>
         </datafield>
         <datafield tag="300" ind1=" " ind2=" ">
            <subfield code="a">181 p.</subfield>
            <subfield code="b">ill.</subfield>
            <subfield code="c">24 cm.</subfield>
         </datafield>
         <datafield tag="504" ind1=" " ind2=" ">
            <subfield code="a">Bibliogr.</subfield>
         </datafield>
         <datafield tag="650" ind1=" " ind2="6">
            <subfield code="a">Finances publiques</subfield>
         </datafield>
         <datafield tag="650" ind1=" " ind2="6">
            <subfield code="a">Finances publiques</subfield>
            <subfield code="z">France</subfield>
         </datafield>
         <datafield tag="650" ind1=" " ind2="7">
            <subfield code="a">austérité</subfield>
            <subfield code="x">dépenses publiques</subfield>
            <subfield code="x">gestion d'entreprise</subfield>
            <subfield code="x">ressources financières</subfield>
            <subfield code="v">études diverses</subfield>
            <subfield code="2">rero</subfield>
         </datafield>
         <datafield tag="650" ind1=" " ind2="7">
            <subfield code="a">Dépenses publiques</subfield>
            <subfield code="2">rero</subfield>
         </datafield>
         <datafield tag="650" ind1=" " ind2="7">
            <subfield code="a">Gestion d'entreprise</subfield>
            <subfield code="2">rero</subfield>
         </datafield>
         <datafield tag="650" ind1=" " ind2="7">
            <subfield code="a">Ascétisme</subfield>
            <subfield code="2">rero</subfield>
         </datafield>
         <datafield tag="650" ind1=" " ind2="7">
            <subfield code="a">Capital</subfield>
            <subfield code="2">rero</subfield>
         </datafield>
         <datafield tag="650" ind1=" " ind2="7">
            <subfield code="a">Économie publique</subfield>
            <subfield code="y">1970-</subfield>
            <subfield code="2">ram</subfield>
         </datafield>
         <datafield tag="650" ind1=" " ind2="7">
            <subfield code="a">Finances publiques</subfield>
            <subfield code="y">1970-</subfield>
            <subfield code="2">ram</subfield>
         </datafield>
         <datafield tag="650" ind1=" " ind2="0">
            <subfield code="a">Budget (US-DLC)</subfield>
         </datafield>
         <datafield tag="650" ind1=" " ind2="7">
            <subfield code="a">Dépenses publiques</subfield>
            <subfield code="0">(RERO)A021008621</subfield>
            <subfield code="2">rero</subfield>
         </datafield>
         <datafield tag="650" ind1=" " ind2="7">
            <subfield code="a">Gestion d'entreprise</subfield>
            <subfield code="0">(RERO)A021001491</subfield>
            <subfield code="2">rero</subfield>
         </datafield>
         <datafield tag="650" ind1=" " ind2="7">
            <subfield code="a">Ascétisme</subfield>
            <subfield code="0">(RERO)A021011849</subfield>
            <subfield code="2">rero</subfield>
         </datafield>
         <datafield tag="650" ind1=" " ind2="7">
            <subfield code="a">Capital</subfield>
            <subfield code="0">(RERO)A021017695</subfield>
            <subfield code="2">rero</subfield>
         </datafield>
         <datafield tag="650" ind1=" " ind2="7">
            <subfield code="a">austérité</subfield>
            <subfield code="x">dépenses publiques</subfield>
            <subfield code="x">gestion d'entreprise</subfield>
            <subfield code="x">ressources financières</subfield>
            <subfield code="v">études diverses</subfield>
            <subfield code="2">chrero</subfield>
         </datafield>
         <datafield tag="655" ind1=" " ind2="7">
            <subfield code="a">Études diverses</subfield>
            <subfield code="2">rero</subfield>
         </datafield>
         <datafield tag="655" ind1=" " ind2="7">
            <subfield code="a">Études diverses</subfield>
            <subfield code="2">rero</subfield>
            <subfield code="0">(RERO)A022249905</subfield>
         </datafield>
         <datafield tag="690" ind1=" " ind2="7">
            <subfield code="B">u</subfield>
            <subfield code="a">H 6</subfield>
            <subfield code="d">National budget, deficit and debt = Staatsbudget, Staatsdefizit und Staatsschulden</subfield>
            <subfield code="2">idsuzh VJ</subfield>
         </datafield>
         <datafield tag="690" ind1=" " ind2="7">
            <subfield code="B">u</subfield>
            <subfield code="u">YL2</subfield>
            <subfield code="a">Wirtschaftswissenschaften : Finanzwissenschaft. Betriebswirtschaftliche Steuerlehre : Haushaltsaufstellung, -verwaltung und -kontrolle</subfield>
            <subfield code="2">idssg HD</subfield>
         </datafield>
         <datafield tag="690" ind1=" " ind2="7">
            <subfield code="B">u</subfield>
            <subfield code="u">YL7</subfield>
            <subfield code="a">Wirtschaftswissenschaften : Finanzwissenschaft. Betriebswirtschaftliche Steuerlehre : Finanzpolitik. Fiscal Policy. Finanzwirtschaft und Finanzpolitik einzelner Länder</subfield>
            <subfield code="2">idssg HD</subfield>
         </datafield>
         <datafield tag="691" ind1=" " ind2="7">
            <subfield code="B">u</subfield>
            <subfield code="u">336</subfield>
            <subfield code="2">sbt TO</subfield>
         </datafield>
         <datafield tag="700" ind1="1" ind2=" ">
            <subfield code="a">Jeanrenaud</subfield>
            <subfield code="D">Claude</subfield>
         </datafield>
         <datafield tag="898" ind1=" " ind2=" ">
            <subfield code="a">BK020000</subfield>
            <subfield code="b">XK020000</subfield>
            <subfield code="c">XK020000</subfield>
         </datafield>
         <datafield tag="912" ind1=" " ind2="7">
            <subfield code="a">wi</subfield>
            <subfield code="2">SzZuIDS BS/BE</subfield>
         </datafield>
         <datafield tag="912" ind1=" " ind2="7">
            <subfield code="a">po</subfield>
            <subfield code="2">SzZuIDS BS/BE</subfield>
         </datafield>
         <datafield tag="949" ind1=" " ind2=" ">
            <subfield code="B">SNL</subfield>
            <subfield code="F">NB001</subfield>
            <subfield code="b">NB001</subfield>
            <subfield code="j">N 198216</subfield>
            <subfield code="c">NB10010</subfield>
         </datafield>
         <datafield tag="949" ind1=" " ind2=" ">
            <subfield code="B">RERO</subfield>
            <subfield code="F">RE31002</subfield>
            <subfield code="b">RE31002</subfield>
            <subfield code="c">RE310020006</subfield>
            <subfield code="j">BPUN FM 731</subfield>
         </datafield>
         <datafield tag="949" ind1=" " ind2=" ">
            <subfield code="B">RERO</subfield>
            <subfield code="F">RE31014</subfield>
            <subfield code="b">RE31014</subfield>
            <subfield code="c">RE310140001</subfield>
            <subfield code="j">BSE E1/ 1018</subfield>
         </datafield>
         <datafield tag="949" ind1=" " ind2=" ">
            <subfield code="B">RERO</subfield>
            <subfield code="F">RE31014</subfield>
            <subfield code="b">RE31014</subfield>
            <subfield code="c">RE310140001</subfield>
            <subfield code="j">BSE E1/ 1026</subfield>
         </datafield>
         <datafield tag="949" ind1=" " ind2=" ">
            <subfield code="B">RERO</subfield>
            <subfield code="F">RE31045</subfield>
            <subfield code="b">RE31045</subfield>
            <subfield code="c">RE310450050</subfield>
            <subfield code="j">- -</subfield>
         </datafield>
         <datafield tag="949" ind1=" " ind2=" ">
            <subfield code="B">VAUD</subfield>
            <subfield code="F">idheap</subfield>
            <subfield code="b">idheap</subfield>
            <subfield code="j">APA 2387 35.073.52</subfield>
            <subfield code="c">810620002</subfield>
         </datafield>
         <datafield tag="949" ind1=" " ind2=" ">
            <subfield code="B">VAUD</subfield>
            <subfield code="F">bcue</subfield>
            <subfield code="b">bcue</subfield>
            <subfield code="j">TVA 33401 336.1</subfield>
            <subfield code="c">810030006</subfield>
         </datafield>
         <datafield tag="949" ind1=" " ind2=" ">
            <subfield code="B">IDSSG</subfield>
            <subfield code="F">HIFF</subfield>
            <subfield code="b">HIFF</subfield>
            <subfield code="c">IFF</subfield>
            <subfield code="j">VG 139</subfield>
         </datafield>
         <datafield tag="949" ind1=" " ind2=" ">
            <subfield code="B">NEBIS</subfield>
            <subfield code="F">UECON</subfield>
            <subfield code="b">UECON</subfield>
            <subfield code="c">ULMZN</subfield>
            <subfield code="j">WWI F 2016</subfield>
         </datafield>
         <datafield tag="949" ind1=" " ind2=" ">
            <subfield code="B">IDSBB</subfield>
            <subfield code="F">A125</subfield>
            <subfield code="b">A125</subfield>
            <subfield code="c">125ST</subfield>
            <subfield code="j">SWA Fw A 11b</subfield>
            <subfield code="x">Akz: ba/uswa/g/92/L70104</subfield>
         </datafield>
         <datafield tag="949" ind1=" " ind2=" ">
            <subfield code="B">SBT</subfield>
            <subfield code="F">BZSTA</subfield>
            <subfield code="b">BZSTA</subfield>
            <subfield code="c">907</subfield>
            <subfield code="j">STA 336/1421</subfield>
         </datafield>
         <datafield tag="949" ind1=" " ind2=" ">
            <subfield code="B">NEBIS</subfield>
            <subfield code="F">E02</subfield>
            <subfield code="b">E02</subfield>
            <subfield code="c">E02MI</subfield>
            <subfield code="j">ZP 5050</subfield>
         </datafield>
         <datafield tag="950" ind1=" " ind2=" ">
            <subfield code="B">NEBIS</subfield>
            <subfield code="P">700</subfield>
            <subfield code="E">1-</subfield>
            <subfield code="a">Jeanrenaud</subfield>
            <subfield code="D">Claude</subfield>
         </datafield>
         <datafield tag="950" ind1=" " ind2=" ">
            <subfield code="B">IDSSG</subfield>
            <subfield code="P">700</subfield>
            <subfield code="E">1-</subfield>
            <subfield code="a">Jeanrenaud</subfield>
            <subfield code="D">Claude</subfield>
         </datafield>
         <datafield tag="950" ind1=" " ind2=" ">
            <subfield code="B">IDSBB</subfield>
            <subfield code="P">700</subfield>
            <subfield code="E">1-</subfield>
            <subfield code="a">Jeanrenaud</subfield>
            <subfield code="D">Claude</subfield>
         </datafield>
         <datafield tag="950" ind1=" " ind2=" ">
            <subfield code="B">IDSBB</subfield>
            <subfield code="P">700</subfield>
            <subfield code="E">1-</subfield>
            <subfield code="a">Moesen</subfield>
            <subfield code="D">Wim</subfield>
         </datafield>
         <datafield tag="950" ind1=" " ind2=" ">
            <subfield code="B">SNL</subfield>
            <subfield code="P">700</subfield>
            <subfield code="E">1-</subfield>
            <subfield code="a">Jeanrenaud</subfield>
            <subfield code="D">Claude</subfield>
         </datafield>
         <datafield tag="950" ind1=" " ind2=" ">
            <subfield code="B">SNL</subfield>
            <subfield code="P">700</subfield>
            <subfield code="E">1-</subfield>
            <subfield code="a">Moesen</subfield>
            <subfield code="D">Wim</subfield>
         </datafield>
         <datafield tag="950" ind1=" " ind2=" ">
            <subfield code="B">RERO</subfield>
            <subfield code="P">700</subfield>
            <subfield code="E">1-</subfield>
            <subfield code="a">Jeanrenaud</subfield>
            <subfield code="D">Claude</subfield>
            <subfield code="0">(RERO)A003422986</subfield>
         </datafield>
         <datafield tag="950" ind1=" " ind2=" ">
            <subfield code="B">VAUD</subfield>
            <subfield code="P">700</subfield>
            <subfield code="E">1-</subfield>
            <subfield code="a">Jeanrenaud</subfield>
            <subfield code="D">Claude</subfield>
         </datafield>
         <datafield tag="950" ind1=" " ind2=" ">
            <subfield code="B">SBT</subfield>
            <subfield code="P">700</subfield>
            <subfield code="E">1-</subfield>
            <subfield code="a">Jeanrenaud</subfield>
            <subfield code="D">Claude</subfield>
         </datafield>
         <datafield tag="950" ind1=" " ind2=" ">
            <subfield code="B">SBT</subfield>
            <subfield code="P">700</subfield>
            <subfield code="E">1-</subfield>
            <subfield code="a">Moesen</subfield>
            <subfield code="D">Wim</subfield>
         </datafield>
      <datafield tag="690" ind1="H" ind2="D">
            <subfield code="8">YL2</subfield>
            <subfield code="a">Wirtschaftswissenschaften : Finanzwissenschaft. Betriebswirtschaftliche Steuerlehre : Haushaltsaufstellung, -verwaltung und -kontrolle</subfield>
            <subfield code="2">HSG-IFF</subfield>
        </datafield><datafield tag="690" ind1="H" ind2="D">
            <subfield code="8">YL7</subfield>
            <subfield code="a">Wirtschaftswissenschaften : Finanzwissenschaft. Betriebswirtschaftliche Steuerlehre : Finanzpolitik. Fiscal Policy. Finanzwirtschaft und Finanzpolitik einzelner Länder</subfield>
            <subfield code="2">HSG-IFF</subfield>
            </datafield></record>