<record xmlns:xs="http://www.w3.org/2001/XMLSchema">
         <leader>     cam a22     u  4500</leader>
         <controlfield tag="001">271546999</controlfield>
         <controlfield tag="003">CHVBK</controlfield>
         <controlfield tag="005">20190619070355.0</controlfield>
         <controlfield tag="008">130817s1975    gw       e    001 0 ger  </controlfield>
         <datafield tag="020" ind1=" " ind2=" ">
            <subfield code="a">3-8006-0472-8</subfield>
         </datafield>
         <datafield tag="035" ind1=" " ind2=" ">
            <subfield code="a">(NEBIS)007947627</subfield>
         </datafield>
         <datafield tag="035" ind1=" " ind2=" ">
            <subfield code="a">(IDSSG)000994207</subfield>
         </datafield>
         <datafield tag="035" ind1=" " ind2=" ">
            <subfield code="a">(RERO)1557453</subfield>
         </datafield>
         <datafield tag="035" ind1=" " ind2=" ">
            <subfield code="a">(NEBIS)007947627</subfield>
         </datafield>
         <datafield tag="035" ind1=" " ind2=" ">
            <subfield code="a">(RERO)1557453</subfield>
         </datafield>
         <datafield tag="035" ind1=" " ind2=" ">
            <subfield code="a">(IDSSG)000994207</subfield>
         </datafield>
         <datafield tag="040" ind1=" " ind2=" ">
            <subfield code="a">SzZuIDS NEBIS UZH</subfield>
         </datafield>
         <datafield tag="072" ind1=" " ind2="7">
            <subfield code="a">s1dr</subfield>
            <subfield code="2">rero</subfield>
         </datafield>
         <datafield tag="245" ind1="0" ind2="0">
            <subfield code="a">Steuerlexikon</subfield>
            <subfield code="c">Wacker</subfield>
         </datafield>
         <datafield tag="260" ind1=" " ind2=" ">
            <subfield code="a">München</subfield>
            <subfield code="b">Vahlen</subfield>
            <subfield code="c">1975</subfield>
         </datafield>
         <datafield tag="300" ind1=" " ind2=" ">
            <subfield code="a">2XII, 486 S.</subfield>
         </datafield>
         <datafield tag="650" ind1=" " ind2="7">
            <subfield code="a">Droit fiscal</subfield>
            <subfield code="2">rero</subfield>
         </datafield>
         <datafield tag="650" ind1=" " ind2="7">
            <subfield code="a">Droit fiscal</subfield>
            <subfield code="0">(RERO)A021008650</subfield>
            <subfield code="2">rero</subfield>
         </datafield>
         <datafield tag="651" ind1=" " ind2="7">
            <subfield code="a">Allemagne fédérale</subfield>
            <subfield code="0">(RERO)A009955866</subfield>
            <subfield code="2">rero</subfield>
         </datafield>
         <datafield tag="651" ind1=" " ind2="7">
            <subfield code="a">Allemagne fédérale</subfield>
            <subfield code="0">(RERO)A009955866</subfield>
            <subfield code="2">rero</subfield>
         </datafield>
         <datafield tag="655" ind1=" " ind2="7">
            <subfield code="a">dictionnaire</subfield>
            <subfield code="2">rerovoc</subfield>
         </datafield>
         <datafield tag="655" ind1=" " ind2="7">
            <subfield code="a">dictionnaire</subfield>
            <subfield code="2">rerovoc</subfield>
            <subfield code="0">(RERO)A010182394</subfield>
         </datafield>
         <datafield tag="690" ind1=" " ind2="7">
            <subfield code="B">u</subfield>
            <subfield code="a">H 2</subfield>
            <subfield code="d">Taxation, subsidies, and revenue = Steuern, Subventionen und Staatseinnahmen</subfield>
            <subfield code="2">idsuzh VJ</subfield>
         </datafield>
         <datafield tag="690" ind1=" " ind2="7">
            <subfield code="B">u</subfield>
            <subfield code="a">P 0</subfield>
            <subfield code="d">ECONOMIC SYSTEMS = ÖKONOMISCHE SYSTEME. General = allgemein</subfield>
            <subfield code="2">idsuzh VJ</subfield>
         </datafield>
         <datafield tag="690" ind1=" " ind2="7">
            <subfield code="B">u</subfield>
            <subfield code="u">JA</subfield>
            <subfield code="a">Allgemeine Steuerrechtsliteratur : Allgemeines, Lehrbücher</subfield>
            <subfield code="2">idssg HD</subfield>
         </datafield>
         <datafield tag="691" ind1=" " ind2="7">
            <subfield code="2">rero dr-sys</subfield>
            <subfield code="u">CA/D 54 a</subfield>
         </datafield>
         <datafield tag="700" ind1="1" ind2=" ">
            <subfield code="a">Wacker</subfield>
            <subfield code="D">Wilhelm H.</subfield>
         </datafield>
         <datafield tag="950" ind1=" " ind2=" ">
            <subfield code="B">NEBIS</subfield>
            <subfield code="P">700</subfield>
            <subfield code="E">1-</subfield>
            <subfield code="a">Wacker</subfield>
            <subfield code="D">Wilhelm H.</subfield>
         </datafield>
         <datafield tag="950" ind1=" " ind2=" ">
            <subfield code="B">IDSSG</subfield>
            <subfield code="P">700</subfield>
            <subfield code="E">1-</subfield>
            <subfield code="a">Wacker</subfield>
            <subfield code="D">Wilhelm H.</subfield>
         </datafield>
         <datafield tag="950" ind1=" " ind2=" ">
            <subfield code="B">RERO</subfield>
            <subfield code="P">700</subfield>
            <subfield code="E">1-</subfield>
            <subfield code="a">Wacker</subfield>
            <subfield code="D">Wilhelm Hermann</subfield>
            <subfield code="0">(RERO)A003952282</subfield>
         </datafield>
         <datafield tag="950" ind1=" " ind2=" ">
            <subfield code="B">RERO</subfield>
            <subfield code="P">700</subfield>
            <subfield code="E">1-</subfield>
            <subfield code="a">Franke</subfield>
            <subfield code="D">Winfried</subfield>
            <subfield code="0">(RERO)A003259759</subfield>
         </datafield>
         <datafield tag="898" ind1=" " ind2=" ">
            <subfield code="a">BK020000</subfield>
            <subfield code="b">XK020000</subfield>
            <subfield code="c">XK020000</subfield>
         </datafield>
         <datafield tag="949" ind1=" " ind2=" ">
            <subfield code="B">NEBIS</subfield>
            <subfield code="F">UECON</subfield>
            <subfield code="b">UECON</subfield>
            <subfield code="c">ULMZN</subfield>
            <subfield code="j">WWI F 0740</subfield>
         </datafield>
         <datafield tag="949" ind1=" " ind2=" ">
            <subfield code="B">RERO</subfield>
            <subfield code="F">RE01040</subfield>
            <subfield code="b">RE01040</subfield>
            <subfield code="c">RE010400001</subfield>
            <subfield code="j">DR CA/D 54 a STEU 1975</subfield>
            <subfield code="s">TDA 2497</subfield>
         </datafield>
         <datafield tag="949" ind1=" " ind2=" ">
            <subfield code="B">RERO</subfield>
            <subfield code="F">RE01046</subfield>
            <subfield code="b">RE01046</subfield>
            <subfield code="c">RE010460002</subfield>
            <subfield code="j">FSES XK</subfield>
            <subfield code="s">TEA 3909</subfield>
         </datafield>
         <datafield tag="949" ind1=" " ind2=" ">
            <subfield code="B">IDSSG</subfield>
            <subfield code="F">HIFF</subfield>
            <subfield code="b">HIFF</subfield>
            <subfield code="c">IFF</subfield>
            <subfield code="j">JA 124</subfield>
         </datafield>
      <datafield tag="690" ind1="H" ind2="D">
            <subfield code="8">JA</subfield>
            <subfield code="a">Allgemeine Steuerrechtsliteratur : Allgemeines, Lehrbücher</subfield>
            <subfield code="2">HSG-IFF</subfield>
        </datafield></record>