<record xmlns:xs="http://www.w3.org/2001/XMLSchema">
         <leader>     cam a22     4  4500</leader>
         <controlfield tag="001">271547421</controlfield>
         <controlfield tag="003">CHVBK</controlfield>
         <controlfield tag="005">20190713065747.0</controlfield>
         <controlfield tag="008">130817s2009    gw            00    ger|d</controlfield>
         <datafield tag="015" ind1=" " ind2=" ">
            <subfield code="a">GFR-CIP-09,N06,0481</subfield>
         </datafield>
         <datafield tag="015" ind1=" " ind2=" ">
            <subfield code="a">DNB-09,A31,0494</subfield>
            <subfield code="2">dnb</subfield>
         </datafield>
         <datafield tag="016" ind1="7" ind2=" ">
            <subfield code="a">992164346</subfield>
            <subfield code="2">GyFmDB</subfield>
         </datafield>
         <datafield tag="020" ind1=" " ind2=" ">
            <subfield code="a">978-3-482-54822-2</subfield>
            <subfield code="q">Pp.</subfield>
         </datafield>
         <datafield tag="035" ind1=" " ind2=" ">
            <subfield code="a">(IDSLU)000641463</subfield>
         </datafield>
         <datafield tag="035" ind1=" " ind2=" ">
            <subfield code="a">(LIBIB)000309959</subfield>
         </datafield>
         <datafield tag="035" ind1=" " ind2=" ">
            <subfield code="a">(IDSBB)004840709</subfield>
         </datafield>
         <datafield tag="035" ind1=" " ind2=" ">
            <subfield code="a">(NEBIS)005788703</subfield>
         </datafield>
         <datafield tag="040" ind1=" " ind2=" ">
            <subfield code="a">DDB</subfield>
            <subfield code="d">SzZuIDS LU LUZHB</subfield>
            <subfield code="e">kids</subfield>
         </datafield>
         <datafield tag="082" ind1="0" ind2=" ">
            <subfield code="a">330</subfield>
         </datafield>
         <datafield tag="082" ind1="0" ind2=" ">
            <subfield code="a">340</subfield>
         </datafield>
         <datafield tag="082" ind1="1" ind2=" ">
            <subfield code="a">320</subfield>
            <subfield code="2">15</subfield>
         </datafield>
         <datafield tag="082" ind1="0" ind2=" ">
            <subfield code="a">332.67309494</subfield>
            <subfield code="2">22</subfield>
         </datafield>
         <datafield tag="082" ind1="0" ind2=" ">
            <subfield code="a">346.494092</subfield>
            <subfield code="2">22</subfield>
         </datafield>
         <datafield tag="084" ind1=" " ind2=" ">
            <subfield code="a">QL 425</subfield>
            <subfield code="2">rvk</subfield>
         </datafield>
         <datafield tag="100" ind1="1" ind2=" ">
            <subfield code="a">Kubaile</subfield>
            <subfield code="D">Heiko</subfield>
         </datafield>
         <datafield tag="245" ind1="1" ind2="4">
            <subfield code="a">Der Steuer- und Investitionsstandort Schweiz</subfield>
            <subfield code="c">von Heiko Kubaile, Roland Suter, Walter Jakob</subfield>
         </datafield>
         <datafield tag="250" ind1=" " ind2=" ">
            <subfield code="a">2., aktualisierte und erw. Aufl.</subfield>
         </datafield>
         <datafield tag="264" ind1=" " ind2="1">
            <subfield code="a">Herne</subfield>
            <subfield code="b">NWB, Verl. Neue Wirtschafts-Briefe</subfield>
            <subfield code="c">2009</subfield>
         </datafield>
         <datafield tag="300" ind1=" " ind2=" ">
            <subfield code="a">LIX, 775 S.</subfield>
            <subfield code="b">Ill.</subfield>
            <subfield code="c">22 cm</subfield>
         </datafield>
         <datafield tag="650" ind1=" " ind2="7">
            <subfield code="a">Internationales Steuerrecht</subfield>
            <subfield code="0">(DE-588)4027451-2</subfield>
            <subfield code="2">gnd</subfield>
         </datafield>
         <datafield tag="650" ind1=" " ind2="7">
            <subfield code="a">Ausländerrecht</subfield>
            <subfield code="0">(DE-588)4003734-4</subfield>
            <subfield code="2">gnd</subfield>
         </datafield>
         <datafield tag="650" ind1=" " ind2="7">
            <subfield code="a">Sozialversicherungsrecht</subfield>
            <subfield code="0">(DE-588)4116548-2</subfield>
            <subfield code="2">gnd</subfield>
         </datafield>
         <datafield tag="650" ind1=" " ind2="7">
            <subfield code="a">Standortfaktor</subfield>
            <subfield code="x">Unternehmenssteuern</subfield>
            <subfield code="z">Schweiz</subfield>
            <subfield code="2">idsbb</subfield>
         </datafield>
         <datafield tag="650" ind1=" " ind2="7">
            <subfield code="a">Unternehmenssteuern</subfield>
            <subfield code="x">Standortfaktor</subfield>
            <subfield code="z">Schweiz</subfield>
            <subfield code="2">idsbb</subfield>
         </datafield>
         <datafield tag="650" ind1=" " ind2="7">
            <subfield code="a">Auslandsinvestition</subfield>
            <subfield code="0">(DE-588)4003772-1</subfield>
            <subfield code="2">gnd</subfield>
         </datafield>
         <datafield tag="650" ind1=" " ind2="7">
            <subfield code="a">Steuerrecht</subfield>
            <subfield code="0">(DE-588)4116614-0</subfield>
            <subfield code="2">gnd</subfield>
         </datafield>
         <datafield tag="650" ind1=" " ind2="7">
            <subfield code="a">Wirtschaftsrecht</subfield>
            <subfield code="0">(DE-588)4066510-0</subfield>
            <subfield code="2">gnd</subfield>
         </datafield>
         <datafield tag="650" ind1=" " ind2="7">
            <subfield code="a">Standortfaktor</subfield>
            <subfield code="0">(DE-588)4223616-2</subfield>
            <subfield code="2">gnd</subfield>
         </datafield>
         <datafield tag="650" ind1=" " ind2="7">
            <subfield code="a">Internationale Wettbewerbsfähigkeit</subfield>
            <subfield code="0">(DE-588)4027386-6</subfield>
            <subfield code="2">gnd</subfield>
         </datafield>
         <datafield tag="650" ind1=" " ind2="7">
            <subfield code="a">Wirtschaftsrecht</subfield>
            <subfield code="2">idszbz</subfield>
         </datafield>
         <datafield tag="650" ind1=" " ind2="7">
            <subfield code="a">Auslandsinvestition</subfield>
            <subfield code="2">idszbz</subfield>
         </datafield>
         <datafield tag="650" ind1=" " ind2="7">
            <subfield code="a">Unternehmen</subfield>
            <subfield code="0">(DE-588)4061963-1</subfield>
            <subfield code="2">gnd</subfield>
         </datafield>
         <datafield tag="650" ind1=" " ind2="7">
            <subfield code="a">Steuerrecht</subfield>
            <subfield code="2">idszbz</subfield>
         </datafield>
         <datafield tag="651" ind1=" " ind2="7">
            <subfield code="a">Schweiz</subfield>
            <subfield code="0">(DE-588)4053881-3</subfield>
            <subfield code="2">gnd</subfield>
         </datafield>
         <datafield tag="651" ind1=" " ind2="7">
            <subfield code="a">Schweiz</subfield>
            <subfield code="2">idszbz</subfield>
         </datafield>
         <datafield tag="651" ind1=" " ind2="7">
            <subfield code="a">Deutschland</subfield>
            <subfield code="2">idszbz</subfield>
         </datafield>
         <datafield tag="651" ind1=" " ind2="0">
            <subfield code="a">Schweiz - Auslandsinvestition - Steuerrecht</subfield>
         </datafield>
         <datafield tag="651" ind1=" " ind2="0">
            <subfield code="a">Schweiz - Auslandsinvestition - Wirtschaftsrecht</subfield>
         </datafield>
         <datafield tag="651" ind1=" " ind2="0">
            <subfield code="a">Switzerland</subfield>
         </datafield>
         <datafield tag="691" ind1=" " ind2="7">
            <subfield code="B">u</subfield>
            <subfield code="u">PC 54 CH</subfield>
            <subfield code="2">idslu L1</subfield>
         </datafield>
         <datafield tag="691" ind1=" " ind2="7">
            <subfield code="B">u</subfield>
            <subfield code="u">PC 57 CH</subfield>
            <subfield code="2">idslu L1</subfield>
         </datafield>
         <datafield tag="691" ind1=" " ind2="7">
            <subfield code="B">u</subfield>
            <subfield code="u">PC 37 CH</subfield>
            <subfield code="2">idslu L1</subfield>
         </datafield>
         <datafield tag="691" ind1=" " ind2="7">
            <subfield code="B">u</subfield>
            <subfield code="u">PP 2954</subfield>
            <subfield code="a">Schweizerisches zwischenstaatliches Steuerrecht, Gesamtdarstellungen</subfield>
            <subfield code="2">libib XF</subfield>
         </datafield>
         <datafield tag="700" ind1="1" ind2=" ">
            <subfield code="a">Suter</subfield>
            <subfield code="D">Roland</subfield>
         </datafield>
         <datafield tag="700" ind1="1" ind2=" ">
            <subfield code="a">Jakob</subfield>
            <subfield code="D">Walter</subfield>
         </datafield>
         <datafield tag="856" ind1="4" ind2="2">
            <subfield code="u">http://deposit.d-nb.de/cgi-bin/dokserv?id=3229364&amp;prov=M&amp;dok_var=1&amp;dok_ext=htm</subfield>
            <subfield code="z">Inhaltstext</subfield>
         </datafield>
         <datafield tag="898" ind1=" " ind2=" ">
            <subfield code="a">BK020000</subfield>
            <subfield code="b">XK020000</subfield>
            <subfield code="c">XK020000</subfield>
         </datafield>
         <datafield tag="909" ind1=" " ind2="7">
            <subfield code="a">E51-20100406</subfield>
            <subfield code="2">nebis EN</subfield>
         </datafield>
         <datafield tag="909" ind1=" " ind2="7">
            <subfield code="a">E51ANH-2010</subfield>
            <subfield code="2">nebis E5</subfield>
         </datafield>
         <datafield tag="909" ind1=" " ind2="7">
            <subfield code="a">rwimon200908f</subfield>
            <subfield code="c">buche 090805</subfield>
            <subfield code="d">rwiswk200908b</subfield>
            <subfield code="e">meim</subfield>
            <subfield code="2">idszbz Z2</subfield>
         </datafield>
         <datafield tag="909" ind1=" " ind2="7">
            <subfield code="a">zbzmon200910l</subfield>
            <subfield code="c">gabr</subfield>
            <subfield code="d">zbzswk200910u</subfield>
            <subfield code="e">bruu</subfield>
            <subfield code="2">idszbz Z2</subfield>
         </datafield>
         <datafield tag="912" ind1=" " ind2="7">
            <subfield code="a">807</subfield>
            <subfield code="2">IDS LU</subfield>
         </datafield>
         <datafield tag="912" ind1=" " ind2="7">
            <subfield code="a">824</subfield>
            <subfield code="2">IDS LU</subfield>
         </datafield>
         <datafield tag="912" ind1=" " ind2="7">
            <subfield code="a">rs</subfield>
            <subfield code="2">FL</subfield>
         </datafield>
         <datafield tag="912" ind1=" " ind2="7">
            <subfield code="a">po</subfield>
            <subfield code="2">SzZuIDS BS/BE</subfield>
         </datafield>
         <datafield tag="912" ind1=" " ind2="7">
            <subfield code="a">rw</subfield>
            <subfield code="2">SzZuIDS BS/BE</subfield>
         </datafield>
         <datafield tag="912" ind1=" " ind2="7">
            <subfield code="a">wi</subfield>
            <subfield code="2">SzZuIDS BS/BE</subfield>
         </datafield>
         <datafield tag="912" ind1=" " ind2="7">
            <subfield code="a">RWI-Sq</subfield>
            <subfield code="2">RWI-200908</subfield>
         </datafield>
         <datafield tag="912" ind1=" " ind2="7">
            <subfield code="a">ZB3429</subfield>
            <subfield code="2">Z01</subfield>
         </datafield>
         <datafield tag="949" ind1=" " ind2=" ">
            <subfield code="B">NEBIS</subfield>
            <subfield code="F">UBFB</subfield>
            <subfield code="b">UBFB</subfield>
            <subfield code="c">ULBFB</subfield>
            <subfield code="j">QL 500 KUBA (2)</subfield>
         </datafield>
         <datafield tag="949" ind1=" " ind2=" ">
            <subfield code="B">IDSLU</subfield>
            <subfield code="F">LUUHL</subfield>
            <subfield code="b">LUNI3</subfield>
            <subfield code="c">U3FRE</subfield>
            <subfield code="j">PC 54 CH .g KUBA 2009</subfield>
         </datafield>
         <datafield tag="949" ind1=" " ind2=" ">
            <subfield code="B">NEBIS</subfield>
            <subfield code="F">Z01</subfield>
            <subfield code="b">Z01</subfield>
            <subfield code="c">02</subfield>
            <subfield code="j">HC 60464</subfield>
         </datafield>
         <datafield tag="949" ind1=" " ind2=" ">
            <subfield code="B">NEBIS</subfield>
            <subfield code="F">N07</subfield>
            <subfield code="b">N07</subfield>
            <subfield code="c">N07FH</subfield>
            <subfield code="j">QL 500 KUBA 2009</subfield>
         </datafield>
         <datafield tag="949" ind1=" " ind2=" ">
            <subfield code="B">IDSBB</subfield>
            <subfield code="F">B465</subfield>
            <subfield code="b">B465</subfield>
            <subfield code="c">FH</subfield>
            <subfield code="j">JBB 17.541/ 259(2)</subfield>
            <subfield code="x">NELB4650908</subfield>
         </datafield>
         <datafield tag="949" ind1=" " ind2=" ">
            <subfield code="B">LIBIB</subfield>
            <subfield code="F">FLFHL</subfield>
            <subfield code="b">FLFHL</subfield>
            <subfield code="c">FHLHB</subfield>
            <subfield code="j">50/PP 2954 K95(2)</subfield>
            <subfield code="x">NELFLFHL1003 / Geschenk FDL</subfield>
         </datafield>
         <datafield tag="949" ind1=" " ind2=" ">
            <subfield code="B">NEBIS</subfield>
            <subfield code="F">E51</subfield>
            <subfield code="b">E51</subfield>
            <subfield code="c">E51BR</subfield>
            <subfield code="j">RP 346.092 Kuba Ste Ed.2</subfield>
         </datafield>
         <datafield tag="949" ind1=" " ind2=" ">
            <subfield code="B">NEBIS</subfield>
            <subfield code="F">Z16</subfield>
            <subfield code="b">Z16</subfield>
            <subfield code="c">Z1601</subfield>
            <subfield code="j">Te 379 : 2.Ed</subfield>
         </datafield>
         <datafield tag="949" ind1=" " ind2=" ">
            <subfield code="B">IDSBB</subfield>
            <subfield code="F">B400</subfield>
            <subfield code="b">B400</subfield>
            <subfield code="c">400K4</subfield>
            <subfield code="j">BeM RAA 87855</subfield>
            <subfield code="x">NELB4000908</subfield>
         </datafield>
         <datafield tag="950" ind1=" " ind2=" ">
            <subfield code="B">IDSLU</subfield>
            <subfield code="P">100</subfield>
            <subfield code="E">1-</subfield>
            <subfield code="a">Kubaile</subfield>
            <subfield code="D">Heiko</subfield>
         </datafield>
         <datafield tag="950" ind1=" " ind2=" ">
            <subfield code="B">IDSLU</subfield>
            <subfield code="P">700</subfield>
            <subfield code="E">1-</subfield>
            <subfield code="a">Suter</subfield>
            <subfield code="D">Roland</subfield>
         </datafield>
         <datafield tag="950" ind1=" " ind2=" ">
            <subfield code="B">IDSLU</subfield>
            <subfield code="P">700</subfield>
            <subfield code="E">1-</subfield>
            <subfield code="a">Jakob</subfield>
            <subfield code="D">Walter</subfield>
         </datafield>
         <datafield tag="950" ind1=" " ind2=" ">
            <subfield code="B">IDSLU</subfield>
            <subfield code="P">856</subfield>
            <subfield code="E">42</subfield>
            <subfield code="u">http://deposit.d-nb.de/cgi-bin/dokserv?id=3229364&amp;prov=M&amp;dok_var=1&amp;dok_ext=htm</subfield>
            <subfield code="z">Inhaltstext</subfield>
         </datafield>
         <datafield tag="950" ind1=" " ind2=" ">
            <subfield code="B">LIBIB</subfield>
            <subfield code="P">100</subfield>
            <subfield code="E">1-</subfield>
            <subfield code="a">Kubaile</subfield>
            <subfield code="D">Heiko</subfield>
         </datafield>
         <datafield tag="950" ind1=" " ind2=" ">
            <subfield code="B">LIBIB</subfield>
            <subfield code="P">700</subfield>
            <subfield code="E">1-</subfield>
            <subfield code="a">Suter</subfield>
            <subfield code="D">Roland</subfield>
         </datafield>
         <datafield tag="950" ind1=" " ind2=" ">
            <subfield code="B">LIBIB</subfield>
            <subfield code="P">700</subfield>
            <subfield code="E">1-</subfield>
            <subfield code="a">Jakob</subfield>
            <subfield code="D">Walter</subfield>
         </datafield>
         <datafield tag="950" ind1=" " ind2=" ">
            <subfield code="B">LIBIB</subfield>
            <subfield code="P">710</subfield>
            <subfield code="E">2-</subfield>
            <subfield code="a">Ernst &amp; Young AG, Financial Services (Zürich)</subfield>
         </datafield>
         <datafield tag="950" ind1=" " ind2=" ">
            <subfield code="B">IDSBB</subfield>
            <subfield code="P">100</subfield>
            <subfield code="E">1-</subfield>
            <subfield code="a">Kubaile</subfield>
            <subfield code="D">Heiko</subfield>
            <subfield code="0">(DE-588)132159902</subfield>
         </datafield>
         <datafield tag="950" ind1=" " ind2=" ">
            <subfield code="B">IDSBB</subfield>
            <subfield code="P">700</subfield>
            <subfield code="E">1-</subfield>
            <subfield code="a">Suter</subfield>
            <subfield code="D">Roland</subfield>
         </datafield>
         <datafield tag="950" ind1=" " ind2=" ">
            <subfield code="B">IDSBB</subfield>
            <subfield code="P">700</subfield>
            <subfield code="E">1-</subfield>
            <subfield code="a">Jakob</subfield>
            <subfield code="D">Walter</subfield>
         </datafield>
         <datafield tag="950" ind1=" " ind2=" ">
            <subfield code="B">NEBIS</subfield>
            <subfield code="P">100</subfield>
            <subfield code="E">1-</subfield>
            <subfield code="a">Kubaile</subfield>
            <subfield code="D">Heiko</subfield>
         </datafield>
         <datafield tag="950" ind1=" " ind2=" ">
            <subfield code="B">NEBIS</subfield>
            <subfield code="P">700</subfield>
            <subfield code="E">1-</subfield>
            <subfield code="a">Suter</subfield>
            <subfield code="D">Roland</subfield>
         </datafield>
         <datafield tag="950" ind1=" " ind2=" ">
            <subfield code="B">NEBIS</subfield>
            <subfield code="P">700</subfield>
            <subfield code="E">1-</subfield>
            <subfield code="a">Jakob</subfield>
            <subfield code="D">Walter</subfield>
         </datafield>
         <datafield tag="956" ind1="4" ind2=" ">
            <subfield code="B">NEBIS</subfield>
            <subfield code="C">ZAD50</subfield>
            <subfield code="D">EBI01</subfield>
            <subfield code="a">Z16</subfield>
            <subfield code="u">https://opac.nebis.ch/objects/pdf/z16_978-3-482-54822-2_01.pdf</subfield>
            <subfield code="y">Titelblatt und Inhaltsverzeichnis</subfield>
            <subfield code="x">VIEW</subfield>
            <subfield code="q">pdf</subfield>
         </datafield>
         <datafield tag="956" ind1="4" ind2=" ">
            <subfield code="B">NEBIS</subfield>
            <subfield code="C">UZH50</subfield>
            <subfield code="D">EBI01</subfield>
            <subfield code="a">UZH50</subfield>
            <subfield code="u">http://deposit.d-nb.de/cgi-bin/dokserv?id=3229364&amp;prov=M&amp;dok_var=1&amp;dok_ext=htm</subfield>
            <subfield code="y">Inhaltstext</subfield>
            <subfield code="x">VIEW</subfield>
            <subfield code="q">html</subfield>
         </datafield>
         <datafield tag="956" ind1="4" ind2=" ">
            <subfield code="B">IDSBB</subfield>
            <subfield code="C">DSV51</subfield>
            <subfield code="D">DSV01</subfield>
            <subfield code="a">B400</subfield>
            <subfield code="u">http://d-nb.info/992164346/04</subfield>
            <subfield code="q">pdf</subfield>
            <subfield code="x">VIEW</subfield>
            <subfield code="y">Inhaltsverzeichnis</subfield>
         </datafield>
         <datafield tag="956" ind1="4" ind2=" ">
            <subfield code="B">IDSLU</subfield>
            <subfield code="C">ILU50</subfield>
            <subfield code="D">ILU01</subfield>
            <subfield code="a">LUZHB</subfield>
            <subfield code="u">http://d-nb.info/992164346/04</subfield>
            <subfield code="q">pdf</subfield>
            <subfield code="x">VIEW</subfield>
            <subfield code="y">Inhaltsverzeichnis</subfield>
         </datafield>
         <datafield tag="986" ind1=" " ind2=" ">
            <subfield code="a">SWISSBIB</subfield>
            <subfield code="b">236406205</subfield>
         </datafield>
         <datafield tag="986" ind1=" " ind2=" ">
            <subfield code="a">ORANGE</subfield>
            <subfield code="b">271547405</subfield>
         </datafield>
      <datafield tag="690" ind1="H" ind2="D">
            <subfield code="8">JA</subfield>
            <subfield code="a">Allgemeine Steuerrechtsliteratur : Allgemeines, Lehrbücher</subfield>
            <subfield code="2">HSG-IFF</subfield>
        </datafield></record>