<record xmlns:xs="http://www.w3.org/2001/XMLSchema">
         <leader>     cam a22     u  4500</leader>
         <controlfield tag="001">265974135</controlfield>
         <controlfield tag="003">CHVBK</controlfield>
         <controlfield tag="005">20190718070110.0</controlfield>
         <controlfield tag="008">130817s1980    xxk|||||||||| 00   |eng d</controlfield>
         <datafield tag="020" ind1=" " ind2=" ">
            <subfield code="a">0-19-824598-X</subfield>
         </datafield>
         <datafield tag="035" ind1=" " ind2=" ">
            <subfield code="a">(IDSBB)000044634</subfield>
         </datafield>
         <datafield tag="035" ind1=" " ind2=" ">
            <subfield code="a">(NEBIS)002888577</subfield>
         </datafield>
         <datafield tag="035" ind1=" " ind2=" ">
            <subfield code="a">(RERO)0291724</subfield>
         </datafield>
         <datafield tag="035" ind1=" " ind2=" ">
            <subfield code="a">(VAUD)991013522419702852</subfield>
         </datafield>
         <datafield tag="035" ind1=" " ind2=" ">
            <subfield code="a">(IDSSG)000994343</subfield>
         </datafield>
         <datafield tag="035" ind1=" " ind2=" ">
            <subfield code="a">0291724</subfield>
         </datafield>
         <datafield tag="035" ind1=" " ind2=" ">
            <subfield code="a">(RNV)000268975-41bculausa_network</subfield>
         </datafield>
         <datafield tag="035" ind1=" " ind2=" ">
            <subfield code="a">(RERO)000268975</subfield>
         </datafield>
         <datafield tag="035" ind1=" " ind2=" ">
            <subfield code="a">(EXLNZ-41BCULAUSA_NETWORK)991009968659702851</subfield>
         </datafield>
         <datafield tag="040" ind1=" " ind2=" ">
            <subfield code="a">SzZuIDS BS/BE</subfield>
            <subfield code="b">ger</subfield>
            <subfield code="e">kids</subfield>
         </datafield>
         <datafield tag="072" ind1=" " ind2="7">
            <subfield code="a">s1ph</subfield>
            <subfield code="2">rero</subfield>
         </datafield>
         <datafield tag="072" ind1=" " ind2="7">
            <subfield code="a">s2dr</subfield>
            <subfield code="2">rero</subfield>
         </datafield>
         <datafield tag="082" ind1="0" ind2="4">
            <subfield code="a">179</subfield>
            <subfield code="2">18</subfield>
         </datafield>
         <datafield tag="082" ind1="0" ind2="4">
            <subfield code="a">340.1/1</subfield>
         </datafield>
         <datafield tag="084" ind1=" " ind2=" ">
            <subfield code="a">172</subfield>
            <subfield code="a">BCUDpi</subfield>
            <subfield code="2">CLASBCUD</subfield>
         </datafield>
         <datafield tag="084" ind1=" " ind2=" ">
            <subfield code="a">CC 7600</subfield>
            <subfield code="2">rvk</subfield>
         </datafield>
         <datafield tag="084" ind1=" " ind2=" ">
            <subfield code="a">PI 3520</subfield>
            <subfield code="2">rvk</subfield>
         </datafield>
         <datafield tag="100" ind1="1" ind2=" ">
            <subfield code="a">Lucas</subfield>
            <subfield code="D">John Randolph</subfield>
         </datafield>
         <datafield tag="245" ind1="1" ind2="0">
            <subfield code="a">On justice</subfield>
            <subfield code="b">Peri dikaiou</subfield>
            <subfield code="c">by J. R. Lucas</subfield>
         </datafield>
         <datafield tag="246" ind1="3" ind2=" ">
            <subfield code="a">Peri Dikaiou</subfield>
         </datafield>
         <datafield tag="264" ind1=" " ind2="1">
            <subfield code="a">Oxford</subfield>
            <subfield code="b">Clarendon Press</subfield>
            <subfield code="c">1980</subfield>
         </datafield>
         <datafield tag="300" ind1=" " ind2=" ">
            <subfield code="a">VII, 270 S.</subfield>
            <subfield code="c">23 cm</subfield>
         </datafield>
         <datafield tag="650" ind1=" " ind2="7">
            <subfield code="a">Justice</subfield>
            <subfield code="0">(RERO)A021065203</subfield>
            <subfield code="2">rero</subfield>
         </datafield>
         <datafield tag="650" ind1=" " ind2="7">
            <subfield code="a">Philosophie</subfield>
            <subfield code="0">(RERO)A021004135</subfield>
            <subfield code="2">rero</subfield>
         </datafield>
         <datafield tag="650" ind1=" " ind2="7">
            <subfield code="a">Droit</subfield>
            <subfield code="0">(RERO)A021065409</subfield>
            <subfield code="2">rero</subfield>
         </datafield>
         <datafield tag="650" ind1=" " ind2="7">
            <subfield code="a">Gerechtigkeit</subfield>
            <subfield code="2">idsbb</subfield>
         </datafield>
         <datafield tag="650" ind1=" " ind2="7">
            <subfield code="a">Gerechtigkeit</subfield>
            <subfield code="0">(DE-588)4020310-4</subfield>
            <subfield code="2">gnd</subfield>
         </datafield>
         <datafield tag="650" ind1=" " ind2="0">
            <subfield code="a">Justice</subfield>
         </datafield>
         <datafield tag="650" ind1=" " ind2="0">
            <subfield code="a">Justice (Philosophy)</subfield>
         </datafield>
         <datafield tag="650" ind1=" " ind2="7">
            <subfield code="a">justice</subfield>
            <subfield code="x">* philosophie du droit</subfield>
            <subfield code="2">chrero</subfield>
         </datafield>
         <datafield tag="650" ind1=" " ind2="7">
            <subfield code="a">Philosophie</subfield>
            <subfield code="2">rero</subfield>
         </datafield>
         <datafield tag="650" ind1=" " ind2="7">
            <subfield code="a">Droit</subfield>
            <subfield code="2">rero</subfield>
         </datafield>
         <datafield tag="650" ind1=" " ind2="7">
            <subfield code="a">Justice</subfield>
            <subfield code="2">rero</subfield>
         </datafield>
         <datafield tag="690" ind1=" " ind2="7">
            <subfield code="B">u</subfield>
            <subfield code="a">Gerechtigkeit / 1980- ersch</subfield>
            <subfield code="2">idszbz Z9</subfield>
         </datafield>
         <datafield tag="690" ind1=" " ind2="7">
            <subfield code="B">u</subfield>
            <subfield code="a">Rechtsphilosophie / 1980- ersch</subfield>
            <subfield code="2">idszbz Z9</subfield>
         </datafield>
         <datafield tag="690" ind1=" " ind2="7">
            <subfield code="B">u</subfield>
            <subfield code="a">Gerechtigkeit</subfield>
            <subfield code="2">idsuzh UH</subfield>
         </datafield>
         <datafield tag="690" ind1=" " ind2="7">
            <subfield code="B">u</subfield>
            <subfield code="u">WD</subfield>
            <subfield code="a">Sep. 08 Uebrige Literatur : Sep. 08 Diverse Gebiete, Umweltschutz</subfield>
            <subfield code="2">idssg HD</subfield>
         </datafield>
         <datafield tag="691" ind1=" " ind2="7">
            <subfield code="2">rero dr-sys</subfield>
            <subfield code="u">A 18 h</subfield>
         </datafield>
         <datafield tag="691" ind1=" " ind2="7">
            <subfield code="2">vaud dr-sys</subfield>
            <subfield code="u">A 18 h</subfield>
         </datafield>
         <datafield tag="898" ind1=" " ind2=" ">
            <subfield code="a">BK020000</subfield>
            <subfield code="b">XK020000</subfield>
            <subfield code="c">XK020000</subfield>
         </datafield>
         <datafield tag="909" ind1=" " ind2="7">
            <subfield code="a">MedeaZBZ</subfield>
            <subfield code="2">idszbz ZR</subfield>
         </datafield>
         <datafield tag="909" ind1=" " ind2="7">
            <subfield code="f">medea</subfield>
            <subfield code="2">idsuzh U2</subfield>
         </datafield>
         <datafield tag="912" ind1=" " ind2="7">
            <subfield code="a">ph</subfield>
            <subfield code="2">SzZuIDS BS/BE</subfield>
         </datafield>
         <datafield tag="949" ind1=" " ind2=" ">
            <subfield code="B">RERO</subfield>
            <subfield code="F">RE01001</subfield>
            <subfield code="b">RE01001</subfield>
            <subfield code="c">RE010010001</subfield>
            <subfield code="j">NA 80.2622</subfield>
         </datafield>
         <datafield tag="949" ind1=" " ind2=" ">
            <subfield code="B">RERO</subfield>
            <subfield code="F">RE61050</subfield>
            <subfield code="b">RE61050</subfield>
            <subfield code="c">RE610500004</subfield>
            <subfield code="j">A 18 h LUCA 1980</subfield>
            <subfield code="s">BFDA 254</subfield>
         </datafield>
         <datafield tag="949" ind1=" " ind2=" ">
            <subfield code="B">RERO</subfield>
            <subfield code="F">RE71070</subfield>
            <subfield code="b">RE71070</subfield>
            <subfield code="c">RE710700001</subfield>
            <subfield code="j">A 18 h LUCA 1980</subfield>
            <subfield code="s">ISDC 377</subfield>
         </datafield>
         <datafield tag="949" ind1=" " ind2=" ">
            <subfield code="B">VAUD</subfield>
            <subfield code="F">bcud</subfield>
            <subfield code="b">bcud</subfield>
            <subfield code="j">KA 23301</subfield>
            <subfield code="c">810010047</subfield>
         </datafield>
         <datafield tag="949" ind1=" " ind2=" ">
            <subfield code="B">NEBIS</subfield>
            <subfield code="F">Z01</subfield>
            <subfield code="b">Z01</subfield>
            <subfield code="c">04</subfield>
            <subfield code="j">FC 39595</subfield>
         </datafield>
         <datafield tag="949" ind1=" " ind2=" ">
            <subfield code="B">IDSSG</subfield>
            <subfield code="F">HIFF</subfield>
            <subfield code="b">HIFF</subfield>
            <subfield code="c">IFF</subfield>
            <subfield code="j">WD 171</subfield>
         </datafield>
         <datafield tag="949" ind1=" " ind2=" ">
            <subfield code="B">IDSBB</subfield>
            <subfield code="F">A100</subfield>
            <subfield code="b">A100</subfield>
            <subfield code="c">MAG</subfield>
            <subfield code="j">UBH ig 6480</subfield>
            <subfield code="x">Akz: 13031</subfield>
         </datafield>
         <datafield tag="949" ind1=" " ind2=" ">
            <subfield code="B">NEBIS</subfield>
            <subfield code="F">UEZEN</subfield>
            <subfield code="b">UEZEN</subfield>
            <subfield code="c">ULEZE</subfield>
            <subfield code="j">Ed VII 139</subfield>
         </datafield>
         <datafield tag="950" ind1=" " ind2=" ">
            <subfield code="B">IDSBB</subfield>
            <subfield code="P">100</subfield>
            <subfield code="E">1-</subfield>
            <subfield code="a">Lucas</subfield>
            <subfield code="D">John Randolph</subfield>
         </datafield>
         <datafield tag="950" ind1=" " ind2=" ">
            <subfield code="B">NEBIS</subfield>
            <subfield code="P">100</subfield>
            <subfield code="E">1-</subfield>
            <subfield code="a">Lucas</subfield>
            <subfield code="D">John Randolph</subfield>
         </datafield>
         <datafield tag="950" ind1=" " ind2=" ">
            <subfield code="B">RERO</subfield>
            <subfield code="P">100</subfield>
            <subfield code="E">1-</subfield>
            <subfield code="a">Lucas</subfield>
            <subfield code="D">John Randolph</subfield>
            <subfield code="0">(RERO)A003534355</subfield>
            <subfield code="4">cre</subfield>
         </datafield>
         <datafield tag="950" ind1=" " ind2=" ">
            <subfield code="B">VAUD</subfield>
            <subfield code="P">100</subfield>
            <subfield code="E">1-</subfield>
            <subfield code="a">Lucas</subfield>
            <subfield code="D">John Randolph</subfield>
         </datafield>
         <datafield tag="950" ind1=" " ind2=" ">
            <subfield code="B">IDSSG</subfield>
            <subfield code="P">100</subfield>
            <subfield code="E">1-</subfield>
            <subfield code="a">Lucas</subfield>
            <subfield code="D">John Randolph</subfield>
            <subfield code="e">Verfasser</subfield>
            <subfield code="4">aut</subfield>
         </datafield>
         <datafield tag="986" ind1=" " ind2=" ">
            <subfield code="a">SWISSBIB</subfield>
            <subfield code="b">185836801</subfield>
         </datafield>
      <datafield tag="690" ind1="H" ind2="D">
            <subfield code="8">WD</subfield>
            <subfield code="a">Sep. 08 Uebrige Literatur : Sep. 08 Diverse Gebiete, Umweltschutz</subfield>
            <subfield code="2">HSG-IFF</subfield>
        </datafield></record>