<record xmlns:xs="http://www.w3.org/2001/XMLSchema">
         <leader>     cam a22     4  4500</leader>
         <controlfield tag="001">267431155</controlfield>
         <controlfield tag="003">CHVBK</controlfield>
         <controlfield tag="005">20190608085741.0</controlfield>
         <controlfield tag="008">130817s1983    fr            00    eng d</controlfield>
         <datafield tag="020" ind1=" " ind2=" ">
            <subfield code="a">92-64-12402-0</subfield>
         </datafield>
         <datafield tag="035" ind1=" " ind2=" ">
            <subfield code="a">(NEBIS)008680586</subfield>
         </datafield>
         <datafield tag="035" ind1=" " ind2=" ">
            <subfield code="a">(IDSSG)000994685</subfield>
         </datafield>
         <datafield tag="035" ind1=" " ind2=" ">
            <subfield code="a">(IDSBB)000035525</subfield>
         </datafield>
         <datafield tag="035" ind1=" " ind2=" ">
            <subfield code="a">(ALEX)996408114101791</subfield>
         </datafield>
         <datafield tag="035" ind1=" " ind2=" ">
            <subfield code="a">(NEBIS)008680586</subfield>
         </datafield>
         <datafield tag="035" ind1=" " ind2=" ">
            <subfield code="a">(IDSBB)000035525</subfield>
         </datafield>
         <datafield tag="035" ind1=" " ind2=" ">
            <subfield code="a">(IDSSG)000994685</subfield>
         </datafield>
         <datafield tag="035" ind1=" " ind2=" ">
            <subfield code="a">(ALEX)996408114101791</subfield>
         </datafield>
         <datafield tag="040" ind1=" " ind2=" ">
            <subfield code="a">SzZuIDS NEBIS UZH</subfield>
         </datafield>
         <datafield tag="082" ind1="0" ind2="4">
            <subfield code="a">339.5</subfield>
            <subfield code="2">19</subfield>
         </datafield>
         <datafield tag="082" ind1="0" ind2=" ">
            <subfield code="a">338.9</subfield>
            <subfield code="2">19</subfield>
         </datafield>
         <datafield tag="082" ind1="0" ind2=" ">
            <subfield code="a">658</subfield>
         </datafield>
         <datafield tag="082" ind1="1" ind2=" ">
            <subfield code="a">330</subfield>
            <subfield code="2">15</subfield>
         </datafield>
         <datafield tag="084" ind1=" " ind2=" ">
            <subfield code="a">QD 000</subfield>
            <subfield code="2">rvk</subfield>
         </datafield>
         <datafield tag="084" ind1=" " ind2=" ">
            <subfield code="a">QN 300</subfield>
            <subfield code="2">rvk</subfield>
         </datafield>
         <datafield tag="245" ind1="0" ind2="0">
            <subfield code="a">Positive adjustment policies</subfield>
            <subfield code="b">managing structural change</subfield>
            <subfield code="c">Organisation for Economic Co-operation and Development</subfield>
         </datafield>
         <datafield tag="260" ind1=" " ind2=" ">
            <subfield code="a">Paris</subfield>
            <subfield code="b">OECD</subfield>
            <subfield code="c">1983</subfield>
         </datafield>
         <datafield tag="300" ind1=" " ind2=" ">
            <subfield code="a">116 S.</subfield>
            <subfield code="b">Tab.</subfield>
         </datafield>
         <datafield tag="500" ind1=" " ind2=" ">
            <subfield code="a">Franz. erschienen u.d.T.: Politiques d'ajustement positives</subfield>
         </datafield>
         <datafield tag="650" ind1=" " ind2="7">
            <subfield code="a">Geldpolitik</subfield>
            <subfield code="0">(DE-588)4019902-2</subfield>
            <subfield code="2">gnd</subfield>
         </datafield>
         <datafield tag="650" ind1=" " ind2="7">
            <subfield code="a">Konjunkturpolitik</subfield>
            <subfield code="0">(DE-588)4032128-9</subfield>
            <subfield code="2">gnd</subfield>
         </datafield>
         <datafield tag="650" ind1=" " ind2="0">
            <subfield code="a">Economic policy</subfield>
         </datafield>
         <datafield tag="650" ind1=" " ind2="0">
            <subfield code="a">Economic stabilization</subfield>
         </datafield>
         <datafield tag="650" ind1=" " ind2="7">
            <subfield code="a">Strukturpolitik</subfield>
            <subfield code="0">(DE-588)4066520-3</subfield>
            <subfield code="2">gnd</subfield>
         </datafield>
         <datafield tag="650" ind1=" " ind2="7">
            <subfield code="a">Wirtschaftspolitik</subfield>
            <subfield code="0">(DE-588)4066493-4</subfield>
            <subfield code="2">gnd</subfield>
         </datafield>
         <datafield tag="650" ind1=" " ind2="7">
            <subfield code="a">Strukturpolitik</subfield>
            <subfield code="2">idsbb</subfield>
         </datafield>
         <datafield tag="690" ind1=" " ind2="7">
            <subfield code="B">u</subfield>
            <subfield code="a">-</subfield>
            <subfield code="d">Makroökonomie: spezielle Studien</subfield>
            <subfield code="2">idsuzh VJ</subfield>
         </datafield>
         <datafield tag="690" ind1=" " ind2="7">
            <subfield code="B">u</subfield>
            <subfield code="a">-</subfield>
            <subfield code="d">Strukturpolitik: allgemeines</subfield>
            <subfield code="2">idsuzh VJ</subfield>
         </datafield>
         <datafield tag="690" ind1=" " ind2="7">
            <subfield code="B">u</subfield>
            <subfield code="u">YN</subfield>
            <subfield code="a">Wirtschaftswissenschaften : Konjunkturschwankungen, Stabilitätspolitik</subfield>
            <subfield code="2">idssg HD</subfield>
         </datafield>
         <datafield tag="690" ind1=" " ind2="7">
            <subfield code="B">s</subfield>
            <subfield code="a">OECD</subfield>
            <subfield code="2">alex helvetosaurus</subfield>
         </datafield>
         <datafield tag="690" ind1=" " ind2="7">
            <subfield code="B">s</subfield>
            <subfield code="a">Wirtschaftspolitik (allgemein)</subfield>
            <subfield code="2">alex helvetosaurus</subfield>
         </datafield>
         <datafield tag="690" ind1=" " ind2="7">
            <subfield code="B">s</subfield>
            <subfield code="a">Änderung der Wirtschaftsstruktur</subfield>
            <subfield code="2">alex helvetosaurus</subfield>
         </datafield>
         <datafield tag="710" ind1="2" ind2=" ">
            <subfield code="a">OECD</subfield>
            <subfield code="0">(DE-588)5157-3</subfield>
         </datafield>
         <datafield tag="909" ind1=" " ind2="7">
            <subfield code="a">zbzmon201410l</subfield>
            <subfield code="c">murd</subfield>
            <subfield code="d">zbzswk201505k</subfield>
            <subfield code="e">stet</subfield>
            <subfield code="2">idszbz Z2</subfield>
         </datafield>
         <datafield tag="909" ind1=" " ind2="7">
            <subfield code="f">medea</subfield>
            <subfield code="2">idsuzh U2</subfield>
         </datafield>
         <datafield tag="912" ind1=" " ind2="7">
            <subfield code="a">ZB339</subfield>
            <subfield code="2">Z01</subfield>
         </datafield>
         <datafield tag="912" ind1=" " ind2="7">
            <subfield code="a">vw</subfield>
            <subfield code="2">SzZuIDS BS/BE</subfield>
         </datafield>
         <datafield tag="950" ind1=" " ind2=" ">
            <subfield code="B">NEBIS</subfield>
            <subfield code="P">710</subfield>
            <subfield code="E">2-</subfield>
            <subfield code="a">OECD</subfield>
            <subfield code="0">(DE-588)5157-3</subfield>
         </datafield>
         <datafield tag="950" ind1=" " ind2=" ">
            <subfield code="B">IDSSG</subfield>
            <subfield code="P">710</subfield>
            <subfield code="E">2-</subfield>
            <subfield code="a">OECD</subfield>
            <subfield code="0">(DE-588)5157-3</subfield>
         </datafield>
         <datafield tag="950" ind1=" " ind2=" ">
            <subfield code="B">IDSBB</subfield>
            <subfield code="P">710</subfield>
            <subfield code="E">2-</subfield>
            <subfield code="a">OECD</subfield>
            <subfield code="0">(DE-588)5157-3</subfield>
         </datafield>
         <datafield tag="898" ind1=" " ind2=" ">
            <subfield code="a">BK020000</subfield>
            <subfield code="b">XK020000</subfield>
            <subfield code="c">XK020000</subfield>
         </datafield>
         <datafield tag="949" ind1=" " ind2=" ">
            <subfield code="B">NEBIS</subfield>
            <subfield code="F">UECON</subfield>
            <subfield code="b">UECON</subfield>
            <subfield code="c">ULMZN</subfield>
            <subfield code="j">SOS M 0438</subfield>
         </datafield>
         <datafield tag="949" ind1=" " ind2=" ">
            <subfield code="B">NEBIS</subfield>
            <subfield code="F">Z01</subfield>
            <subfield code="b">Z01</subfield>
            <subfield code="c">05</subfield>
            <subfield code="j">DA 71131</subfield>
         </datafield>
         <datafield tag="956" ind1="4" ind2=" ">
            <subfield code="B">NEBIS</subfield>
            <subfield code="C">ZAD50</subfield>
            <subfield code="D">EBI01</subfield>
            <subfield code="a">Z01</subfield>
            <subfield code="u">https://opac.nebis.ch/objects/pdf03/z01_92-64-12402-0_01.pdf</subfield>
            <subfield code="y">Titelblatt und Inhaltsverzeichnis</subfield>
            <subfield code="x">VIEW</subfield>
            <subfield code="q">pdf</subfield>
         </datafield>
         <datafield tag="949" ind1=" " ind2=" ">
            <subfield code="B">IDSBB</subfield>
            <subfield code="F">A100</subfield>
            <subfield code="b">A100</subfield>
            <subfield code="c">MAG</subfield>
            <subfield code="j">UBH Bro 40121</subfield>
            <subfield code="x">Akz: 83,2 Dokumente</subfield>
         </datafield>
         <datafield tag="949" ind1=" " ind2=" ">
            <subfield code="B">IDSBB</subfield>
            <subfield code="F">B589</subfield>
            <subfield code="b">B589</subfield>
            <subfield code="c">589AR</subfield>
            <subfield code="j">VW G.XX 12</subfield>
            <subfield code="x">REKATA1100412</subfield>
         </datafield>
         <datafield tag="949" ind1=" " ind2=" ">
            <subfield code="B">IDSSG</subfield>
            <subfield code="F">HIFF</subfield>
            <subfield code="b">HIFF</subfield>
            <subfield code="c">IFF</subfield>
            <subfield code="j">AG 371</subfield>
         </datafield>
         <datafield tag="949" ind1=" " ind2=" ">
            <subfield code="B">ALEX</subfield>
            <subfield code="F">BIG</subfield>
            <subfield code="b">BIG</subfield>
            <subfield code="j">BIG SECO OCDE 213</subfield>
            <subfield code="c">Magazin1</subfield>
         </datafield>
      <datafield tag="690" ind1="H" ind2="D">
            <subfield code="8">YN</subfield>
            <subfield code="a">Wirtschaftswissenschaften : Konjunkturschwankungen, Stabilitätspolitik</subfield>
            <subfield code="2">HSG-IFF</subfield>
        </datafield></record>