<record xmlns:xs="http://www.w3.org/2001/XMLSchema">
         <leader>     cam a22     8  4500</leader>
         <controlfield tag="001">567001059</controlfield>
         <controlfield tag="003">CHVBK</controlfield>
         <controlfield tag="005">20190610080912.0</controlfield>
         <controlfield tag="006">m        d        </controlfield>
         <controlfield tag="007">cr || |||m|n||</controlfield>
         <controlfield tag="008">190608s2012    fr      o    i00  0 ger d</controlfield>
         <datafield tag="020" ind1=" " ind2=" ">
            <subfield code="a">92-64-13067-5</subfield>
         </datafield>
         <datafield tag="024" ind1="7" ind2=" ">
            <subfield code="a">10.1787/9789264130678-de</subfield>
            <subfield code="2">doi</subfield>
         </datafield>
         <datafield tag="035" ind1=" " ind2=" ">
            <subfield code="a">(VAUD)991021079660202852</subfield>
         </datafield>
         <datafield tag="035" ind1=" " ind2=" ">
            <subfield code="a">(SERSOL)ssj0001434468</subfield>
         </datafield>
         <datafield tag="035" ind1=" " ind2=" ">
            <subfield code="a">(IDSSG)000994860</subfield>
         </datafield>
         <datafield tag="035" ind1=" " ind2=" ">
            <subfield code="a">(CKB)3460000000085459</subfield>
         </datafield>
         <datafield tag="035" ind1=" " ind2=" ">
            <subfield code="a">(FR-PaOEC)9789264130678-de</subfield>
         </datafield>
         <datafield tag="035" ind1=" " ind2=" ">
            <subfield code="a">(SSID)ssj0001434468</subfield>
         </datafield>
         <datafield tag="035" ind1=" " ind2=" ">
            <subfield code="a">(PQKBManifestationID)11773846</subfield>
         </datafield>
         <datafield tag="035" ind1=" " ind2=" ">
            <subfield code="a">(PQKBTitleCode)TC0001434468</subfield>
         </datafield>
         <datafield tag="035" ind1=" " ind2=" ">
            <subfield code="a">(PQKBWorkID)11426361</subfield>
         </datafield>
         <datafield tag="035" ind1=" " ind2=" ">
            <subfield code="a">(PQKB)10521029</subfield>
         </datafield>
         <datafield tag="035" ind1=" " ind2=" ">
            <subfield code="a">(EXLCZ)993460000000085459</subfield>
         </datafield>
         <datafield tag="035" ind1=" " ind2=" ">
            <subfield code="a">(WaSeSS)ssj0001434468</subfield>
         </datafield>
         <datafield tag="035" ind1=" " ind2=" ">
            <subfield code="a">(SERSOL)ssj0001434468</subfield>
         </datafield>
         <datafield tag="040" ind1=" " ind2=" ">
            <subfield code="a">FR-PaOEC</subfield>
         </datafield>
         <datafield tag="050" ind1=" " ind2="4">
            <subfield code="a">HC241</subfield>
         </datafield>
         <datafield tag="110" ind1="2" ind2=" ">
            <subfield code="a">Organisation for Economic Co-operation and Development</subfield>
         </datafield>
         <datafield tag="245" ind1="1" ind2="0">
            <subfield code="a">OECD-Handbuch "Bestechung" für die Betriebsprüferpraxis 2009</subfield>
            <subfield code="h">electronic resource</subfield>
            <subfield code="c">Organisation for Economic Co-operation and Development</subfield>
         </datafield>
         <datafield tag="246" ind1="1" ind2=" ">
            <subfield code="a">Organisation für Wirtschaftliche Zusammenarbeit und Entwicklung-handbuch "Bestechung" für die Betriebsprüferpraxis 2009</subfield>
         </datafield>
         <datafield tag="260" ind1=" " ind2=" ">
            <subfield code="a">Paris</subfield>
            <subfield code="b">OECD Publishing</subfield>
            <subfield code="c">2012.</subfield>
         </datafield>
         <datafield tag="300" ind1=" " ind2=" ">
            <subfield code="a">1 online resource (42 pages)</subfield>
         </datafield>
         <datafield tag="500" ind1=" " ind2=" ">
            <subfield code="a">Bibliographic Level Mode of Issuance: Monograph</subfield>
         </datafield>
         <datafield tag="506" ind1=" " ind2=" ">
            <subfield code="a">Lizenzbedingungen können den Zugang einschränken. License restrictions may limit access.</subfield>
         </datafield>
         <datafield tag="546" ind1=" " ind2=" ">
            <subfield code="a">German</subfield>
         </datafield>
         <datafield tag="588" ind1=" " ind2=" ">
            <subfield code="a">Description based on: online resource; title from pdf title page (OECDiLibrary, viewed Nov. 20, 2014).</subfield>
         </datafield>
         <datafield tag="610" ind1="2" ind2="0">
            <subfield code="a">Organisation for Economic Co-operation and Development</subfield>
         </datafield>
         <datafield tag="650" ind1=" " ind2="7">
            <subfield code="a">Business &amp; Economics</subfield>
            <subfield code="2">hilcc</subfield>
         </datafield>
         <datafield tag="650" ind1=" " ind2="7">
            <subfield code="a">Economic History</subfield>
            <subfield code="2">hilcc</subfield>
         </datafield>
         <datafield tag="690" ind1=" " ind2="7">
            <subfield code="B">u</subfield>
            <subfield code="u">LC</subfield>
            <subfield code="a">Interkantonales/Internationales Steuerrecht : Internationales Steuerrecht</subfield>
            <subfield code="2">idssg HD</subfield>
         </datafield>
         <datafield tag="700" ind1="0" ind2=" ">
            <subfield code="a">Organisation for Economic Co-operation and Development</subfield>
            <subfield code="e">Contributor</subfield>
         </datafield>
         <datafield tag="710" ind1="2" ind2=" ">
            <subfield code="a">Organisation for Economic Co-operation and Development</subfield>
            <subfield code="e">Content Provider</subfield>
         </datafield>
         <datafield tag="909" ind1=" " ind2="4">
            <subfield code="f">OECD iLibrary</subfield>
         </datafield>
         <datafield tag="909" ind1=" " ind2="4">
            <subfield code="a">E-Books von 360MarcUpdates</subfield>
         </datafield>
         <datafield tag="950" ind1=" " ind2=" ">
            <subfield code="B">VAUD</subfield>
            <subfield code="P">110</subfield>
            <subfield code="E">2-</subfield>
            <subfield code="a">Organisation for Economic Co-operation and Development</subfield>
         </datafield>
         <datafield tag="950" ind1=" " ind2=" ">
            <subfield code="B">VAUD</subfield>
            <subfield code="P">700</subfield>
            <subfield code="E">0-</subfield>
            <subfield code="a">Organisation for Economic Co-operation and Development</subfield>
            <subfield code="e">Contributor</subfield>
         </datafield>
         <datafield tag="950" ind1=" " ind2=" ">
            <subfield code="B">VAUD</subfield>
            <subfield code="P">710</subfield>
            <subfield code="E">2-</subfield>
            <subfield code="a">Organisation for Economic Co-operation and Development</subfield>
            <subfield code="e">Content Provider</subfield>
         </datafield>
         <datafield tag="950" ind1=" " ind2=" ">
            <subfield code="B">IDSBB</subfield>
            <subfield code="P">710</subfield>
            <subfield code="E">2-</subfield>
            <subfield code="a">Organisation for Economic Co-operation and Development</subfield>
            <subfield code="e">sponsoring body</subfield>
         </datafield>
         <datafield tag="950" ind1=" " ind2=" ">
            <subfield code="B">IDSBB</subfield>
            <subfield code="P">856</subfield>
            <subfield code="E">40</subfield>
            <subfield code="u">https://dx.doi.org/10.1787/9789264130678-de</subfield>
            <subfield code="z">Uni Basel: Volltext</subfield>
         </datafield>
         <datafield tag="950" ind1=" " ind2=" ">
            <subfield code="B">IDSBB</subfield>
            <subfield code="P">856</subfield>
            <subfield code="E">40</subfield>
            <subfield code="u">https://dx.doi.org/10.1787/9789264130678-de</subfield>
            <subfield code="z">Uni Bern: Volltext</subfield>
         </datafield>
         <datafield tag="950" ind1=" " ind2=" ">
            <subfield code="B">IDSBB</subfield>
            <subfield code="P">856</subfield>
            <subfield code="E">40</subfield>
            <subfield code="u">https://dx.doi.org/10.1787/9789264130678-de</subfield>
            <subfield code="z">EHB IFFP IUFFP: Volltext</subfield>
         </datafield>
         <datafield tag="950" ind1=" " ind2=" ">
            <subfield code="B">IDSSG</subfield>
            <subfield code="P">710</subfield>
            <subfield code="E">2-</subfield>
            <subfield code="a">Organisation for Economic Co-operation and Development</subfield>
            <subfield code="e">sponsoring body</subfield>
         </datafield>
         <datafield tag="898" ind1=" " ind2=" ">
            <subfield code="a">BK020053</subfield>
            <subfield code="b">XK020053</subfield>
            <subfield code="c">XK020000</subfield>
         </datafield>
         <datafield tag="949" ind1=" " ind2=" ">
            <subfield code="B">IDSBB</subfield>
            <subfield code="F">A145</subfield>
            <subfield code="b">A145</subfield>
            <subfield code="c">145VT</subfield>
         </datafield>
         <datafield tag="949" ind1=" " ind2=" ">
            <subfield code="B">IDSBB</subfield>
            <subfield code="F">B405</subfield>
            <subfield code="b">B405</subfield>
            <subfield code="c">405VT</subfield>
         </datafield>
         <datafield tag="949" ind1=" " ind2=" ">
            <subfield code="B">IDSBB</subfield>
            <subfield code="F">B407</subfield>
            <subfield code="b">B407</subfield>
            <subfield code="c">407VT</subfield>
         </datafield>
         <datafield tag="949" ind1=" " ind2=" ">
            <subfield code="B">IDSSG</subfield>
            <subfield code="F">HIFF</subfield>
            <subfield code="b">HIFF</subfield>
            <subfield code="c">IFF</subfield>
            <subfield code="j">LC 0270</subfield>
         </datafield>
         <datafield tag="949" ind1=" " ind2=" ">
            <subfield code="B">VAUD</subfield>
            <subfield code="F">HES</subfield>
            <subfield code="b">HES</subfield>
            <subfield code="j">- -</subfield>
         </datafield>
         <datafield tag="949" ind1=" " ind2=" ">
            <subfield code="B">VAUD</subfield>
            <subfield code="F">bcud</subfield>
            <subfield code="b">bcud</subfield>
            <subfield code="j">- -</subfield>
         </datafield>
      <datafield tag="690" ind1="H" ind2="D">
            <subfield code="8">LC</subfield>
            <subfield code="a">Interkantonales/Internationales Steuerrecht : Internationales Steuerrecht</subfield>
            <subfield code="2">HSG-IFF</subfield>
        </datafield></record>