<record xmlns:xs="http://www.w3.org/2001/XMLSchema">
         <leader>     caa a22     4  4500</leader>
         <controlfield tag="001">514577959</controlfield>
         <controlfield tag="003">CHVBK</controlfield>
         <controlfield tag="005">20190416032421.0</controlfield>
         <controlfield tag="008">180606nuuuuuuuuxx            00    und d</controlfield>
         <datafield tag="035" ind1=" " ind2=" ">
            <subfield code="a">(OCoLC)1040265193</subfield>
         </datafield>
         <datafield tag="035" ind1=" " ind2=" ">
            <subfield code="a">(IDSSG)000995041</subfield>
         </datafield>
         <datafield tag="040" ind1=" " ind2=" ">
            <subfield code="a">SzZuIDS HSG</subfield>
            <subfield code="b">ger</subfield>
         </datafield>
         <datafield tag="100" ind1="1" ind2=" ">
            <subfield code="a">Wacke</subfield>
            <subfield code="D">Andreas</subfield>
            <subfield code="e">Verfasser</subfield>
            <subfield code="4">aut</subfield>
         </datafield>
         <datafield tag="245" ind1="1" ind2="0">
            <subfield code="a">Proculus Dig.2-14-36: Ein pactum zur Grundstückherausgabe an einen Dritten</subfield>
            <subfield code="c">Andreas Wacke</subfield>
         </datafield>
         <datafield tag="336" ind1=" " ind2=" ">
            <subfield code="a">Text</subfield>
            <subfield code="b">txt</subfield>
            <subfield code="2">rdacontent/ger</subfield>
         </datafield>
         <datafield tag="337" ind1=" " ind2=" ">
            <subfield code="a">ohne Hilfsmittel zu benutzen</subfield>
            <subfield code="b">n</subfield>
            <subfield code="2">rdamedia/ger</subfield>
         </datafield>
         <datafield tag="338" ind1=" " ind2=" ">
            <subfield code="a">Band</subfield>
            <subfield code="b">nc</subfield>
            <subfield code="2">rdacarrier/ger</subfield>
         </datafield>
         <datafield tag="690" ind1=" " ind2="7">
            <subfield code="B">u</subfield>
            <subfield code="u">WC</subfield>
            <subfield code="a">Uebrige Literatur : Privatrecht</subfield>
            <subfield code="2">idssg HD</subfield>
         </datafield>
         <datafield tag="773" ind1="0" ind2="A">
            <subfield code="t">Dufour, Alfred: Mélanges en l'honneur du Professeur Bruno Schmidlin</subfield>
            <subfield code="g">S.147-160</subfield>
            <subfield code="j">0147</subfield>
         </datafield>
         <datafield tag="950" ind1=" " ind2=" ">
            <subfield code="B">IDSSG</subfield>
            <subfield code="P">100</subfield>
            <subfield code="E">1-</subfield>
            <subfield code="a">Wacke</subfield>
            <subfield code="D">Andreas</subfield>
            <subfield code="e">Verfasser</subfield>
            <subfield code="4">aut</subfield>
         </datafield>
         <datafield tag="950" ind1=" " ind2=" ">
            <subfield code="B">IDSSG</subfield>
            <subfield code="P">773</subfield>
            <subfield code="E">0A</subfield>
            <subfield code="t">Dufour, Alfred: Mélanges en l'honneur du Professeur Bruno Schmidlin</subfield>
            <subfield code="g">S.147-160</subfield>
            <subfield code="j">0147</subfield>
         </datafield>
         <datafield tag="898" ind1=" " ind2=" ">
            <subfield code="a">BK010000</subfield>
            <subfield code="b">XK010000</subfield>
            <subfield code="c">XK010000</subfield>
         </datafield>
         <datafield tag="852" ind1="4" ind2=" ">
            <subfield code="B">IDSSG</subfield>
            <subfield code="F">C003</subfield>
            <subfield code="b">C003</subfield>
            <subfield code="j">- -</subfield>
            <subfield code="a">-</subfield>
         </datafield>
      <datafield tag="690" ind1="H" ind2="D">
            <subfield code="8">WC</subfield>
            <subfield code="a">Uebrige Literatur : Privatrecht</subfield>
            <subfield code="2">HSG-IFF</subfield>
        </datafield></record>