<record xmlns:xs="http://www.w3.org/2001/XMLSchema">
         <leader>     caa a22     4  4500</leader>
         <controlfield tag="001">514592087</controlfield>
         <controlfield tag="003">CHVBK</controlfield>
         <controlfield tag="005">20190516032930.0</controlfield>
         <controlfield tag="008">180606nuuuuuuuuxx            00    und d</controlfield>
         <datafield tag="035" ind1=" " ind2=" ">
            <subfield code="a">(OCoLC)1040270186</subfield>
         </datafield>
         <datafield tag="035" ind1=" " ind2=" ">
            <subfield code="a">(IDSSG)000995073</subfield>
         </datafield>
         <datafield tag="040" ind1=" " ind2=" ">
            <subfield code="a">SzZuIDS HSG</subfield>
            <subfield code="b">ger</subfield>
         </datafield>
         <datafield tag="100" ind1="1" ind2=" ">
            <subfield code="a">Timmermann</subfield>
            <subfield code="D">Manfred</subfield>
            <subfield code="e">Verfasser</subfield>
            <subfield code="4">aut</subfield>
         </datafield>
         <datafield tag="245" ind1="1" ind2="0">
            <subfield code="a">Effizienzsteigerung der öffentlichen Verwaltung</subfield>
            <subfield code="c">Manfred Timmermann</subfield>
         </datafield>
         <datafield tag="336" ind1=" " ind2=" ">
            <subfield code="a">Text</subfield>
            <subfield code="b">txt</subfield>
            <subfield code="2">rdacontent/ger</subfield>
         </datafield>
         <datafield tag="337" ind1=" " ind2=" ">
            <subfield code="a">ohne Hilfsmittel zu benutzen</subfield>
            <subfield code="b">n</subfield>
            <subfield code="2">rdamedia/ger</subfield>
         </datafield>
         <datafield tag="338" ind1=" " ind2=" ">
            <subfield code="a">Band</subfield>
            <subfield code="b">nc</subfield>
            <subfield code="2">rdacarrier/ger</subfield>
         </datafield>
         <datafield tag="690" ind1=" " ind2="7">
            <subfield code="B">u</subfield>
            <subfield code="u">YC</subfield>
            <subfield code="a">Wirtschaftswissenschaften : Wirtschaftstheorie, einschliesslich Geldtheorie</subfield>
            <subfield code="2">idssg HD</subfield>
         </datafield>
         <datafield tag="773" ind1="0" ind2="A">
            <subfield code="t">Helmstädter Ernst (Hrsg.): Neuere Entwicklungen in den Wirtschaftswissenschaften</subfield>
            <subfield code="g">721-738</subfield>
            <subfield code="j">0721</subfield>
            <subfield code="w">(IDSSG)000995429</subfield>
         </datafield>
         <datafield tag="909" ind1=" " ind2="7">
            <subfield code="b">HSG</subfield>
            <subfield code="2">idssg HS</subfield>
         </datafield>
         <datafield tag="950" ind1=" " ind2=" ">
            <subfield code="B">IDSSG</subfield>
            <subfield code="P">100</subfield>
            <subfield code="E">1-</subfield>
            <subfield code="a">Timmermann</subfield>
            <subfield code="D">Manfred</subfield>
            <subfield code="e">Verfasser</subfield>
            <subfield code="4">aut</subfield>
         </datafield>
         <datafield tag="950" ind1=" " ind2=" ">
            <subfield code="B">IDSSG</subfield>
            <subfield code="P">773</subfield>
            <subfield code="E">0A</subfield>
            <subfield code="t">Helmstädter Ernst (Hrsg.): Neuere Entwicklungen in den Wirtschaftswissenschaften</subfield>
            <subfield code="g">721-738</subfield>
            <subfield code="j">0721</subfield>
            <subfield code="w">(IDSSG)000995429</subfield>
         </datafield>
         <datafield tag="898" ind1=" " ind2=" ">
            <subfield code="a">BK010000</subfield>
            <subfield code="b">XK010000</subfield>
            <subfield code="c">XK010000</subfield>
         </datafield>
         <datafield tag="852" ind1="4" ind2=" ">
            <subfield code="B">IDSSG</subfield>
            <subfield code="F">C003</subfield>
            <subfield code="b">C003</subfield>
            <subfield code="j">- -</subfield>
            <subfield code="a">-</subfield>
         </datafield>
      <datafield tag="690" ind1="H" ind2="D">
            <subfield code="8">YC</subfield>
            <subfield code="a">Wirtschaftswissenschaften : Wirtschaftstheorie, einschliesslich Geldtheorie</subfield>
            <subfield code="2">HSG-IFF</subfield>
        </datafield></record>