<record xmlns:xs="http://www.w3.org/2001/XMLSchema">
         <leader>     cas a22     4  4500</leader>
         <controlfield tag="001">271450088</controlfield>
         <controlfield tag="003">CHVBK</controlfield>
         <controlfield tag="005">20190327170351.0</controlfield>
         <controlfield tag="008">130817c19759999xx || m|||--- 0   |0und-d</controlfield>
         <datafield tag="035" ind1=" " ind2=" ">
            <subfield code="a">(IDSSG)000995269</subfield>
         </datafield>
         <datafield tag="035" ind1=" " ind2=" ">
            <subfield code="a">(IDSBB)002665452</subfield>
         </datafield>
         <datafield tag="040" ind1=" " ind2=" ">
            <subfield code="a">SzZuIDS HSG</subfield>
            <subfield code="b">ger</subfield>
         </datafield>
         <datafield tag="100" ind1="0" ind2=" ">
            <subfield code="a">Statistisches Amt der EG</subfield>
            <subfield code="e">Verfasser</subfield>
            <subfield code="4">aut</subfield>
         </datafield>
         <datafield tag="245" ind1="1" ind2="0">
            <subfield code="a">Steuerstatistik</subfield>
            <subfield code="c">Statistisches Amt der EG</subfield>
         </datafield>
         <datafield tag="264" ind1=" " ind2="1">
            <subfield code="a">Luxembourg</subfield>
            <subfield code="b">Amt für amtliche Veröffentlichungen der EG</subfield>
            <subfield code="c">1975</subfield>
         </datafield>
         <datafield tag="300" ind1=" " ind2=" ">
            <subfield code="a">121 Seiten</subfield>
         </datafield>
         <datafield tag="362" ind1="0" ind2=" ">
            <subfield code="a">1969(1972)</subfield>
         </datafield>
         <datafield tag="655" ind1=" " ind2="7">
            <subfield code="a">Monografische Reihe</subfield>
            <subfield code="2">gnd-content</subfield>
         </datafield>
         <datafield tag="655" ind1=" " ind2="7">
            <subfield code="a">Zeitschrift</subfield>
            <subfield code="2">gnd-content</subfield>
         </datafield>
         <datafield tag="690" ind1=" " ind2="7">
            <subfield code="B">u</subfield>
            <subfield code="u">KA</subfield>
            <subfield code="a">Ausländisches Steuerrecht : Staatenverbände, Staatengruppen</subfield>
            <subfield code="2">idssg HD</subfield>
         </datafield>
         <datafield tag="785" ind1=" " ind2="2">
            <subfield code="t">Steuerstatistik. Natürliche Personen</subfield>
         </datafield>
         <datafield tag="908" ind1=" " ind2=" ">
            <subfield code="D">1</subfield>
            <subfield code="b">Zeitschrift = Revue</subfield>
         </datafield>
         <datafield tag="909" ind1=" " ind2="7">
            <subfield code="f">akub</subfield>
            <subfield code="2">idsbb A</subfield>
         </datafield>
         <datafield tag="909" ind1=" " ind2="7">
            <subfield code="f">wwzpk</subfield>
            <subfield code="2">idsbb A</subfield>
         </datafield>
         <datafield tag="950" ind1=" " ind2=" ">
            <subfield code="B">IDSSG</subfield>
            <subfield code="P">100</subfield>
            <subfield code="E">0-</subfield>
            <subfield code="a">Statistisches Amt der EG</subfield>
            <subfield code="e">Verfasser</subfield>
            <subfield code="4">aut</subfield>
         </datafield>
         <datafield tag="950" ind1=" " ind2=" ">
            <subfield code="B">IDSBB</subfield>
            <subfield code="P">710</subfield>
            <subfield code="E">1-</subfield>
            <subfield code="a">Aargau</subfield>
            <subfield code="b">Statistisches Amt</subfield>
            <subfield code="0">(DE-588)1086639243</subfield>
         </datafield>
         <datafield tag="950" ind1=" " ind2=" ">
            <subfield code="B">IDSBB</subfield>
            <subfield code="P">785</subfield>
            <subfield code="E">-2</subfield>
            <subfield code="t">Steuerstatistik. Natürliche Personen</subfield>
         </datafield>
         <datafield tag="898" ind1=" " ind2=" ">
            <subfield code="a">CR030300</subfield>
            <subfield code="b">XR030000</subfield>
            <subfield code="c">XR030000</subfield>
         </datafield>
         <datafield tag="898" ind1=" " ind2=" ">
            <subfield code="a">CR030600</subfield>
            <subfield code="b">XR030000</subfield>
            <subfield code="c">XR030000</subfield>
         </datafield>
         <datafield tag="897" ind1=" " ind2=" ">
            <subfield code="a">h</subfield>
            <subfield code="b">2</subfield>
         </datafield>
         <datafield tag="852" ind1="4" ind2=" ">
            <subfield code="B">IDSBB</subfield>
            <subfield code="F">A125</subfield>
            <subfield code="b">A125</subfield>
            <subfield code="c">125MZ</subfield>
            <subfield code="j">SWA Fw A 21e AG</subfield>
            <subfield code="x">Rekat</subfield>
            <subfield code="a">1969</subfield>
         </datafield>
         <datafield tag="852" ind1="4" ind2=" ">
            <subfield code="B">IDSBB</subfield>
            <subfield code="F">A100</subfield>
            <subfield code="b">A100</subfield>
            <subfield code="c">MAG</subfield>
            <subfield code="j">UBH On 3042</subfield>
            <subfield code="x">Rakub</subfield>
            <subfield code="a">1969(1972)</subfield>
         </datafield>
         <datafield tag="949" ind1=" " ind2=" ">
            <subfield code="B">IDSSG</subfield>
            <subfield code="F">HIFF</subfield>
            <subfield code="b">HIFF</subfield>
            <subfield code="c">BIB</subfield>
            <subfield code="j">KA 120 1</subfield>
            <subfield code="z">1968 - 1973</subfield>
         </datafield>
         <datafield tag="949" ind1=" " ind2=" ">
            <subfield code="B">IDSSG</subfield>
            <subfield code="F">HIFF</subfield>
            <subfield code="b">HIFF</subfield>
            <subfield code="c">BIB</subfield>
            <subfield code="j">KA 120 2</subfield>
            <subfield code="z">1969 - 1974</subfield>
         </datafield>
         <datafield tag="949" ind1=" " ind2=" ">
            <subfield code="B">IDSSG</subfield>
            <subfield code="F">HIFF</subfield>
            <subfield code="b">HIFF</subfield>
            <subfield code="c">BIB</subfield>
            <subfield code="j">FB 123</subfield>
            <subfield code="z">1972</subfield>
         </datafield>
      <datafield tag="690" ind1="H" ind2="D">
            <subfield code="8">KA</subfield>
            <subfield code="a">Ausländisches Steuerrecht : Staatenverbände, Staatengruppen</subfield>
            <subfield code="2">HSG-IFF</subfield>
        </datafield></record>