<record xmlns:xs="http://www.w3.org/2001/XMLSchema">
         <leader>     cam a22     u  4500</leader>
         <controlfield tag="001">368221946</controlfield>
         <controlfield tag="003">CHVBK</controlfield>
         <controlfield tag="005">20190718074546.0</controlfield>
         <controlfield tag="008">160926s1978    sz     |      00   |ger|d</controlfield>
         <datafield tag="019" ind1=" " ind2=" ">
            <subfield code="a">A150 DigiZetABN: 000221/200077</subfield>
            <subfield code="5">DR</subfield>
         </datafield>
         <datafield tag="019" ind1=" " ind2=" ">
            <subfield code="a">Datenkonversion ZB Solothurn</subfield>
            <subfield code="5">28.08.2016/blu</subfield>
         </datafield>
         <datafield tag="035" ind1=" " ind2=" ">
            <subfield code="a">(NEBIS)000426313</subfield>
         </datafield>
         <datafield tag="035" ind1=" " ind2=" ">
            <subfield code="a">(RERO)0566604</subfield>
         </datafield>
         <datafield tag="035" ind1=" " ind2=" ">
            <subfield code="a">(VAUD)991003229989702852</subfield>
         </datafield>
         <datafield tag="035" ind1=" " ind2=" ">
            <subfield code="a">(IDSBB)006580056</subfield>
         </datafield>
         <datafield tag="035" ind1=" " ind2=" ">
            <subfield code="a">(RNV)000510841-41bculausa_network</subfield>
         </datafield>
         <datafield tag="035" ind1=" " ind2=" ">
            <subfield code="a">(RERO)000510841</subfield>
         </datafield>
         <datafield tag="035" ind1=" " ind2=" ">
            <subfield code="a">0566604</subfield>
         </datafield>
         <datafield tag="035" ind1=" " ind2=" ">
            <subfield code="a">(EXLNZ-41BCULAUSA_NETWORK)991018052469702851</subfield>
         </datafield>
         <datafield tag="040" ind1=" " ind2=" ">
            <subfield code="a">ETH-BIB</subfield>
            <subfield code="b">ger</subfield>
            <subfield code="c">ETH-BIB</subfield>
            <subfield code="e">ETHICS-ISBD</subfield>
         </datafield>
         <datafield tag="072" ind1=" " ind2="7">
            <subfield code="a">s1dr</subfield>
            <subfield code="2">rero</subfield>
         </datafield>
         <datafield tag="245" ind1="0" ind2="0">
            <subfield code="a">Einfluss des Steuerrechts auf das Handelsrecht</subfield>
            <subfield code="b">Referat</subfield>
            <subfield code="c">von Walter Ryser</subfield>
         </datafield>
         <datafield tag="260" ind1=" " ind2=" ">
            <subfield code="a">Basel</subfield>
            <subfield code="b">Helbing &amp; Lichtenhahn</subfield>
            <subfield code="c">1978</subfield>
         </datafield>
         <datafield tag="300" ind1=" " ind2=" ">
            <subfield code="a">S. 133-196</subfield>
            <subfield code="c">23 cm</subfield>
         </datafield>
         <datafield tag="490" ind1="1" ind2=" ">
            <subfield code="a">Referate und Mitteilungen / Schweizerischer Juristenverein</subfield>
            <subfield code="v">Jg. 112 (1978), Heft 2</subfield>
         </datafield>
         <datafield tag="691" ind1=" " ind2="7">
            <subfield code="B">u</subfield>
            <subfield code="a">HANDELSRECHT</subfield>
            <subfield code="z">ger</subfield>
            <subfield code="u">347.7</subfield>
            <subfield code="2">nebis E1</subfield>
         </datafield>
         <datafield tag="691" ind1=" " ind2="7">
            <subfield code="B">u</subfield>
            <subfield code="a">STEUERN (ÖFFENTLICHE FINANZEN)</subfield>
            <subfield code="z">ger</subfield>
            <subfield code="u">336,031</subfield>
            <subfield code="2">nebis E1</subfield>
         </datafield>
         <datafield tag="691" ind1=" " ind2="7">
            <subfield code="B">u</subfield>
            <subfield code="a">STEUERRECHT + FISKALRECHT (SPEZIELLE RECHTSZWEIGE)</subfield>
            <subfield code="z">ger</subfield>
            <subfield code="u">349.12</subfield>
            <subfield code="2">nebis E1</subfield>
         </datafield>
         <datafield tag="691" ind1=" " ind2="7">
            <subfield code="B">u</subfield>
            <subfield code="a">COMMERCIAL LAW</subfield>
            <subfield code="z">eng</subfield>
            <subfield code="u">347.7</subfield>
            <subfield code="2">nebis E1</subfield>
         </datafield>
         <datafield tag="691" ind1=" " ind2="7">
            <subfield code="B">u</subfield>
            <subfield code="a">DROIT COMMERCIAL</subfield>
            <subfield code="z">fre</subfield>
            <subfield code="u">347.7</subfield>
            <subfield code="2">nebis E1</subfield>
         </datafield>
         <datafield tag="691" ind1=" " ind2="7">
            <subfield code="B">u</subfield>
            <subfield code="a">IMPÔTS (FINANCES PUBLIQUES)</subfield>
            <subfield code="z">fre</subfield>
            <subfield code="u">336,031</subfield>
            <subfield code="2">nebis E1</subfield>
         </datafield>
         <datafield tag="691" ind1=" " ind2="7">
            <subfield code="B">u</subfield>
            <subfield code="a">TAXES (PUBLIC FINANCE)</subfield>
            <subfield code="z">eng</subfield>
            <subfield code="u">336,031</subfield>
            <subfield code="2">nebis E1</subfield>
         </datafield>
         <datafield tag="691" ind1=" " ind2="7">
            <subfield code="B">u</subfield>
            <subfield code="a">TAX LAW + FISCAL LAW (SPECIAL LAW BRANCHES)</subfield>
            <subfield code="z">eng</subfield>
            <subfield code="u">349.12</subfield>
            <subfield code="2">nebis E1</subfield>
         </datafield>
         <datafield tag="691" ind1=" " ind2="7">
            <subfield code="B">u</subfield>
            <subfield code="a">DROIT D'IMPÔT + DROIT FISCAL (BRANCHES SPÉCIALES DU DROIT)</subfield>
            <subfield code="z">fre</subfield>
            <subfield code="u">349.12</subfield>
            <subfield code="2">nebis E1</subfield>
         </datafield>
         <datafield tag="691" ind1=" " ind2="7">
            <subfield code="2">rero dr-sys</subfield>
            <subfield code="u">CA/CH 54 i</subfield>
         </datafield>
         <datafield tag="691" ind1=" " ind2="7">
            <subfield code="2">rero dr-sys</subfield>
            <subfield code="u">CA/CH 78 i</subfield>
         </datafield>
         <datafield tag="691" ind1=" " ind2="7">
            <subfield code="2">rero dr-sys</subfield>
            <subfield code="u">CA/CH 54 e</subfield>
         </datafield>
         <datafield tag="691" ind1=" " ind2="7">
            <subfield code="2">rero dr-sys</subfield>
            <subfield code="u">CA/CH 54 h</subfield>
         </datafield>
         <datafield tag="691" ind1=" " ind2="7">
            <subfield code="2">vaud dr-sys</subfield>
            <subfield code="u">CA/CH 54 i</subfield>
         </datafield>
         <datafield tag="691" ind1=" " ind2="7">
            <subfield code="2">vaud dr-sys</subfield>
            <subfield code="u">CA/CH 78 i</subfield>
         </datafield>
         <datafield tag="691" ind1=" " ind2="7">
            <subfield code="2">vaud dr-sys</subfield>
            <subfield code="u">CA/CH 54 e</subfield>
         </datafield>
         <datafield tag="691" ind1=" " ind2="7">
            <subfield code="2">vaud dr-sys</subfield>
            <subfield code="u">CA/CH 54 h</subfield>
         </datafield>
         <datafield tag="700" ind1="1" ind2=" ">
            <subfield code="a">Ryser</subfield>
            <subfield code="D">Walter</subfield>
         </datafield>
         <datafield tag="773" ind1=" " ind2="A">
            <subfield code="t">Referate und Mitteilungen / Schweizerischer Juristenverein</subfield>
            <subfield code="g">Jg. 112, 1978 / Heft 2, pp. 133-196</subfield>
            <subfield code="1">1978</subfield>
            <subfield code="2">112</subfield>
            <subfield code="w">(NEBIS)000054766</subfield>
            <subfield code="9">495300276</subfield>
         </datafield>
         <datafield tag="830" ind1=" " ind2="0">
            <subfield code="a">Referate und Mitteilungen / Schweizerischer Juristenverein = Rapports et communications / Société suisse des juristes = Rapporti e comunicazioni / Società svizzera dei giuristi</subfield>
            <subfield code="v">1978,2</subfield>
         </datafield>
         <datafield tag="852" ind1="4" ind2=" ">
            <subfield code="B">NEBIS</subfield>
            <subfield code="F">C009</subfield>
            <subfield code="b">C009</subfield>
            <subfield code="j">-</subfield>
            <subfield code="a">-</subfield>
         </datafield>
         <datafield tag="898" ind1=" " ind2=" ">
            <subfield code="a">BK020000</subfield>
            <subfield code="b">XK020000</subfield>
            <subfield code="c">XK020000</subfield>
         </datafield>
         <datafield tag="909" ind1=" " ind2="7">
            <subfield code="a">rekatzbso BBI</subfield>
            <subfield code="2">idsbb A</subfield>
         </datafield>
         <datafield tag="949" ind1=" " ind2=" ">
            <subfield code="B">VAUD</subfield>
            <subfield code="F">bcue</subfield>
            <subfield code="b">bcue</subfield>
            <subfield code="j">ZAE 3417</subfield>
            <subfield code="c">810030020</subfield>
         </datafield>
         <datafield tag="949" ind1=" " ind2=" ">
            <subfield code="B">IDSBB</subfield>
            <subfield code="F">A150</subfield>
            <subfield code="b">A150</subfield>
            <subfield code="c">MAG</subfield>
            <subfield code="j">ZBS XH 31/112,2</subfield>
         </datafield>
         <datafield tag="950" ind1=" " ind2=" ">
            <subfield code="B">NEBIS</subfield>
            <subfield code="P">490</subfield>
            <subfield code="E">--</subfield>
            <subfield code="a">Referate und Mitteilungen / Schweizerischer Juristenverein</subfield>
            <subfield code="v">Jg. 112 (1978), Heft 2</subfield>
         </datafield>
         <datafield tag="950" ind1=" " ind2=" ">
            <subfield code="B">NEBIS</subfield>
            <subfield code="P">700</subfield>
            <subfield code="E">1-</subfield>
            <subfield code="a">Ryser</subfield>
            <subfield code="D">Walter</subfield>
         </datafield>
         <datafield tag="950" ind1=" " ind2=" ">
            <subfield code="B">NEBIS</subfield>
            <subfield code="P">773</subfield>
            <subfield code="E">-A</subfield>
            <subfield code="t">Referate und Mitteilungen / Schweizerischer Juristenverein</subfield>
            <subfield code="g">Jg. 112, 1978 / Heft 2, pp. 133-196</subfield>
            <subfield code="1">1978</subfield>
            <subfield code="2">112</subfield>
            <subfield code="w">(NEBIS)000054766</subfield>
            <subfield code="9">495300276</subfield>
         </datafield>
         <datafield tag="950" ind1=" " ind2=" ">
            <subfield code="B">RERO</subfield>
            <subfield code="P">100</subfield>
            <subfield code="E">1-</subfield>
            <subfield code="a">Ryser</subfield>
            <subfield code="D">Walter</subfield>
            <subfield code="d">1925-2007</subfield>
            <subfield code="0">(RERO)A003773544</subfield>
            <subfield code="4">cre</subfield>
         </datafield>
         <datafield tag="950" ind1=" " ind2=" ">
            <subfield code="B">RERO</subfield>
            <subfield code="P">490</subfield>
            <subfield code="E">1-</subfield>
            <subfield code="a">Referate und Mitteilungen / Schweizerischer Juristenverein</subfield>
            <subfield code="v">1978, H. 2</subfield>
         </datafield>
         <datafield tag="950" ind1=" " ind2=" ">
            <subfield code="B">RERO</subfield>
            <subfield code="P">830</subfield>
            <subfield code="E">--</subfield>
            <subfield code="a">Referate und Mitteilungen / Schweizerischer Juristenverein = Rapports et communications / Société suisse des juristes = Rapporti e comunicazioni / Società svizzera dei giuristi</subfield>
            <subfield code="v">1978,2</subfield>
         </datafield>
         <datafield tag="950" ind1=" " ind2=" ">
            <subfield code="B">VAUD</subfield>
            <subfield code="P">100</subfield>
            <subfield code="E">1-</subfield>
            <subfield code="a">Ryser</subfield>
            <subfield code="D">Walter</subfield>
         </datafield>
         <datafield tag="950" ind1=" " ind2=" ">
            <subfield code="B">VAUD</subfield>
            <subfield code="P">490</subfield>
            <subfield code="E">1-</subfield>
            <subfield code="a">Referate und Mitteilungen / Schweizerischer Juristenverein</subfield>
            <subfield code="v">1978, H. 2</subfield>
         </datafield>
         <datafield tag="950" ind1=" " ind2=" ">
            <subfield code="B">VAUD</subfield>
            <subfield code="P">830</subfield>
            <subfield code="E">--</subfield>
            <subfield code="a">Referate und Mitteilungen / Schweizerischer Juristenverein = Rapports et communications / Société suisse des juristes = Rapporti e comunicazioni / Società svizzera dei giuristi</subfield>
            <subfield code="v">1978,2</subfield>
         </datafield>
         <datafield tag="950" ind1=" " ind2=" ">
            <subfield code="B">IDSBB</subfield>
            <subfield code="P">100</subfield>
            <subfield code="E">1-</subfield>
            <subfield code="a">Ryser</subfield>
            <subfield code="D">Walter</subfield>
         </datafield>
         <datafield tag="986" ind1=" " ind2=" ">
            <subfield code="a">SWISSBIB</subfield>
            <subfield code="b">28128167X</subfield>
         </datafield>
         <datafield tag="986" ind1=" " ind2=" ">
            <subfield code="a">ORANGE</subfield>
            <subfield code="b">368221946</subfield>
         </datafield>
      <datafield tag="690" ind1="H" ind2="D">
            <subfield code="8">PE</subfield>
            <subfield code="a">Einkommen- und Vermögensteuern, Ertrag- und Kapitalsteuern : Einkommen Selbständigerwerbender, Unternehmungsbesteuerung</subfield>
            <subfield code="2">HSG-IFF</subfield>
        </datafield></record>