<record xmlns:xs="http://www.w3.org/2001/XMLSchema">
         <leader>     cam a22     u  4500</leader>
         <controlfield tag="001">270816186</controlfield>
         <controlfield tag="003">CHVBK</controlfield>
         <controlfield tag="005">20190608103236.0</controlfield>
         <controlfield tag="008">130817s1976    xxu|||||||||| 00   |eng d</controlfield>
         <datafield tag="020" ind1=" " ind2=" ">
            <subfield code="a">0-12-756850-6</subfield>
         </datafield>
         <datafield tag="035" ind1=" " ind2=" ">
            <subfield code="a">(IDSBB)001046336</subfield>
         </datafield>
         <datafield tag="035" ind1=" " ind2=" ">
            <subfield code="a">(IDSSG)000995531</subfield>
         </datafield>
         <datafield tag="035" ind1=" " ind2=" ">
            <subfield code="a">(NEBIS)002592916</subfield>
         </datafield>
         <datafield tag="035" ind1=" " ind2=" ">
            <subfield code="a">(RERO)0588494</subfield>
         </datafield>
         <datafield tag="035" ind1=" " ind2=" ">
            <subfield code="a">(VAUD)991004021439702852</subfield>
         </datafield>
         <datafield tag="035" ind1=" " ind2=" ">
            <subfield code="a">(IDSBB)001046336</subfield>
         </datafield>
         <datafield tag="035" ind1=" " ind2=" ">
            <subfield code="a">(NEBIS)002592916</subfield>
         </datafield>
         <datafield tag="035" ind1=" " ind2=" ">
            <subfield code="a">(RERO)0588494</subfield>
         </datafield>
         <datafield tag="035" ind1=" " ind2=" ">
            <subfield code="a">(VAUD)991004021439702852</subfield>
         </datafield>
         <datafield tag="035" ind1=" " ind2=" ">
            <subfield code="a">(RNV)000530909-41bculausa_network</subfield>
         </datafield>
         <datafield tag="035" ind1=" " ind2=" ">
            <subfield code="a">(RERO)000530909</subfield>
         </datafield>
         <datafield tag="035" ind1=" " ind2=" ">
            <subfield code="a">(EXLNZ-41BCULAUSA_NETWORK)991018577319702851</subfield>
         </datafield>
         <datafield tag="035" ind1=" " ind2=" ">
            <subfield code="a">0588494</subfield>
         </datafield>
         <datafield tag="040" ind1=" " ind2=" ">
            <subfield code="a">SzZuIDS BS/BE B400</subfield>
            <subfield code="b">ger</subfield>
            <subfield code="e">kids</subfield>
         </datafield>
         <datafield tag="044" ind1=" " ind2=" ">
            <subfield code="a">xxu</subfield>
            <subfield code="a">xxk</subfield>
         </datafield>
         <datafield tag="072" ind1=" " ind2="7">
            <subfield code="a">s1sp</subfield>
            <subfield code="2">rero</subfield>
         </datafield>
         <datafield tag="082" ind1="0" ind2=" ">
            <subfield code="a">658.91309173</subfield>
         </datafield>
         <datafield tag="082" ind1="1" ind2=" ">
            <subfield code="a">300</subfield>
            <subfield code="2">15</subfield>
         </datafield>
         <datafield tag="084" ind1=" " ind2=" ">
            <subfield code="a">QX 000</subfield>
            <subfield code="2">rvk</subfield>
         </datafield>
         <datafield tag="245" ind1="0" ind2="0">
            <subfield code="a">Social program implementation</subfield>
            <subfield code="c">ed. by Walter Williams, Richard F. Elmore</subfield>
         </datafield>
         <datafield tag="264" ind1=" " ind2="1">
            <subfield code="a">New York [etc.]</subfield>
            <subfield code="b">Academic Press</subfield>
            <subfield code="c">[1976]</subfield>
         </datafield>
         <datafield tag="264" ind1=" " ind2="4">
            <subfield code="c">© 1976</subfield>
         </datafield>
         <datafield tag="300" ind1=" " ind2=" ">
            <subfield code="a">XV, 294 S.</subfield>
            <subfield code="c">24 cm</subfield>
         </datafield>
         <datafield tag="490" ind1="1" ind2=" ">
            <subfield code="a">Quantitative studies in social relations</subfield>
         </datafield>
         <datafield tag="650" ind1=" " ind2="7">
            <subfield code="a">programme d'action sociale - mise en oeuvre</subfield>
            <subfield code="2">rerovoc</subfield>
         </datafield>
         <datafield tag="650" ind1=" " ind2="7">
            <subfield code="a">1962-1975</subfield>
            <subfield code="2">rero</subfield>
         </datafield>
         <datafield tag="650" ind1=" " ind2="7">
            <subfield code="a">programme d'action sociale - mise en oeuvre</subfield>
            <subfield code="0">(RERO)A010136394</subfield>
            <subfield code="2">rerovoc</subfield>
         </datafield>
         <datafield tag="650" ind1=" " ind2="7">
            <subfield code="a">programme d'action sociale - mise en oeuvre</subfield>
            <subfield code="z">Etats-Unis</subfield>
            <subfield code="y">1962 / 1975</subfield>
            <subfield code="v">études diverses</subfield>
            <subfield code="2">chrero</subfield>
         </datafield>
         <datafield tag="651" ind1=" " ind2="7">
            <subfield code="a">Etats-Unis</subfield>
            <subfield code="0">(RERO)A009975208</subfield>
            <subfield code="2">rero</subfield>
         </datafield>
         <datafield tag="651" ind1=" " ind2="7">
            <subfield code="a">Etats-Unis</subfield>
            <subfield code="0">(RERO)A009975208</subfield>
            <subfield code="2">rero</subfield>
         </datafield>
         <datafield tag="655" ind1=" " ind2="7">
            <subfield code="a">Études diverses</subfield>
            <subfield code="2">rero</subfield>
         </datafield>
         <datafield tag="655" ind1=" " ind2="7">
            <subfield code="a">Études diverses</subfield>
            <subfield code="2">rero</subfield>
            <subfield code="0">(RERO)A022249905</subfield>
         </datafield>
         <datafield tag="690" ind1=" " ind2="7">
            <subfield code="B">u</subfield>
            <subfield code="u">YQ</subfield>
            <subfield code="a">Wirtschaftswissenschaften : Spezielle Betriebswirtschaftslehren</subfield>
            <subfield code="2">idssg HD</subfield>
         </datafield>
         <datafield tag="690" ind1=" " ind2="7">
            <subfield code="B">u</subfield>
            <subfield code="a">Sozialpolitik</subfield>
            <subfield code="2">idsuzh VK</subfield>
         </datafield>
         <datafield tag="690" ind1=" " ind2="7">
            <subfield code="B">u</subfield>
            <subfield code="a">Bildungssoziologie</subfield>
            <subfield code="2">idsuzh VK</subfield>
         </datafield>
         <datafield tag="690" ind1=" " ind2="7">
            <subfield code="B">u</subfield>
            <subfield code="a">Gemeinde-Studien</subfield>
            <subfield code="2">idsuzh VK</subfield>
         </datafield>
         <datafield tag="700" ind1="1" ind2=" ">
            <subfield code="a">Elmore</subfield>
            <subfield code="D">Richard F.</subfield>
         </datafield>
         <datafield tag="700" ind1="1" ind2=" ">
            <subfield code="a">Williams</subfield>
            <subfield code="D">Walter</subfield>
         </datafield>
         <datafield tag="830" ind1=" " ind2="0">
            <subfield code="a">Quantitative Studies in Social Relations</subfield>
         </datafield>
         <datafield tag="909" ind1=" " ind2="7">
            <subfield code="a">MedeaSOZARCH</subfield>
            <subfield code="2">nebis ER</subfield>
         </datafield>
         <datafield tag="912" ind1=" " ind2="7">
            <subfield code="a">so</subfield>
            <subfield code="2">SzZuIDS BS/BE</subfield>
         </datafield>
         <datafield tag="950" ind1=" " ind2=" ">
            <subfield code="B">IDSBB</subfield>
            <subfield code="P">490</subfield>
            <subfield code="E">0-</subfield>
            <subfield code="a">Quantitative studies in social relations</subfield>
         </datafield>
         <datafield tag="950" ind1=" " ind2=" ">
            <subfield code="B">IDSBB</subfield>
            <subfield code="P">700</subfield>
            <subfield code="E">1-</subfield>
            <subfield code="a">Elmore</subfield>
            <subfield code="D">Richard F.</subfield>
         </datafield>
         <datafield tag="950" ind1=" " ind2=" ">
            <subfield code="B">IDSBB</subfield>
            <subfield code="P">700</subfield>
            <subfield code="E">1-</subfield>
            <subfield code="a">Williams</subfield>
            <subfield code="D">Walter</subfield>
         </datafield>
         <datafield tag="950" ind1=" " ind2=" ">
            <subfield code="B">IDSSG</subfield>
            <subfield code="P">490</subfield>
            <subfield code="E">0-</subfield>
            <subfield code="a">Quantitative studies in social relations</subfield>
         </datafield>
         <datafield tag="950" ind1=" " ind2=" ">
            <subfield code="B">IDSSG</subfield>
            <subfield code="P">700</subfield>
            <subfield code="E">1-</subfield>
            <subfield code="a">Elmore</subfield>
            <subfield code="D">Richard F.</subfield>
         </datafield>
         <datafield tag="950" ind1=" " ind2=" ">
            <subfield code="B">IDSSG</subfield>
            <subfield code="P">700</subfield>
            <subfield code="E">1-</subfield>
            <subfield code="a">Williams</subfield>
            <subfield code="D">Walter</subfield>
         </datafield>
         <datafield tag="950" ind1=" " ind2=" ">
            <subfield code="B">NEBIS</subfield>
            <subfield code="P">490</subfield>
            <subfield code="E">--</subfield>
            <subfield code="a">Quantitative studies in social relations</subfield>
         </datafield>
         <datafield tag="950" ind1=" " ind2=" ">
            <subfield code="B">NEBIS</subfield>
            <subfield code="P">700</subfield>
            <subfield code="E">1-</subfield>
            <subfield code="a">Elmore</subfield>
            <subfield code="D">Richard F.</subfield>
         </datafield>
         <datafield tag="950" ind1=" " ind2=" ">
            <subfield code="B">NEBIS</subfield>
            <subfield code="P">700</subfield>
            <subfield code="E">1-</subfield>
            <subfield code="a">Williams</subfield>
            <subfield code="D">Walter</subfield>
         </datafield>
         <datafield tag="950" ind1=" " ind2=" ">
            <subfield code="B">RERO</subfield>
            <subfield code="P">490</subfield>
            <subfield code="E">1-</subfield>
            <subfield code="a">Quantitative studies in social relations</subfield>
         </datafield>
         <datafield tag="950" ind1=" " ind2=" ">
            <subfield code="B">RERO</subfield>
            <subfield code="P">700</subfield>
            <subfield code="E">1-</subfield>
            <subfield code="a">Williams</subfield>
            <subfield code="D">Walter</subfield>
            <subfield code="0">(RERO)A003977585</subfield>
         </datafield>
         <datafield tag="950" ind1=" " ind2=" ">
            <subfield code="B">RERO</subfield>
            <subfield code="P">830</subfield>
            <subfield code="E">--</subfield>
            <subfield code="a">Quantitative Studies in Social Relations</subfield>
         </datafield>
         <datafield tag="950" ind1=" " ind2=" ">
            <subfield code="B">VAUD</subfield>
            <subfield code="P">490</subfield>
            <subfield code="E">1-</subfield>
            <subfield code="a">Quantitative studies in social relations</subfield>
         </datafield>
         <datafield tag="950" ind1=" " ind2=" ">
            <subfield code="B">VAUD</subfield>
            <subfield code="P">700</subfield>
            <subfield code="E">1-</subfield>
            <subfield code="a">Williams</subfield>
            <subfield code="D">Walter</subfield>
         </datafield>
         <datafield tag="950" ind1=" " ind2=" ">
            <subfield code="B">VAUD</subfield>
            <subfield code="P">830</subfield>
            <subfield code="E">--</subfield>
            <subfield code="a">Quantitative Studies in Social Relations</subfield>
         </datafield>
         <datafield tag="898" ind1=" " ind2=" ">
            <subfield code="a">BK020000</subfield>
            <subfield code="b">XK020000</subfield>
            <subfield code="c">XK020000</subfield>
         </datafield>
         <datafield tag="949" ind1=" " ind2=" ">
            <subfield code="B">NEBIS</subfield>
            <subfield code="F">E19</subfield>
            <subfield code="b">E19</subfield>
            <subfield code="j">67432</subfield>
         </datafield>
         <datafield tag="949" ind1=" " ind2=" ">
            <subfield code="B">NEBIS</subfield>
            <subfield code="F">USIUZ</subfield>
            <subfield code="b">USIUZ</subfield>
            <subfield code="c">ULSUZ</subfield>
            <subfield code="j">K 489</subfield>
         </datafield>
         <datafield tag="949" ind1=" " ind2=" ">
            <subfield code="B">RERO</subfield>
            <subfield code="F">RE61040</subfield>
            <subfield code="b">RE61040</subfield>
            <subfield code="c">RE610400044</subfield>
            <subfield code="j">309.173 SOC</subfield>
            <subfield code="s">SESA 10360</subfield>
         </datafield>
         <datafield tag="949" ind1=" " ind2=" ">
            <subfield code="B">IDSBB</subfield>
            <subfield code="F">B400</subfield>
            <subfield code="b">B400</subfield>
            <subfield code="c">400J3</subfield>
            <subfield code="j">BeM ZB Jus XXXII 5251</subfield>
            <subfield code="x">Akz: be/stub/k/81/7939</subfield>
         </datafield>
         <datafield tag="949" ind1=" " ind2=" ">
            <subfield code="B">IDSBB</subfield>
            <subfield code="F">B464</subfield>
            <subfield code="b">B464</subfield>
            <subfield code="c">464PM</subfield>
            <subfield code="j">KPM 7.100/ 7</subfield>
         </datafield>
         <datafield tag="949" ind1=" " ind2=" ">
            <subfield code="B">IDSSG</subfield>
            <subfield code="F">HIFF</subfield>
            <subfield code="b">HIFF</subfield>
            <subfield code="c">IFF</subfield>
            <subfield code="j">EA 172</subfield>
         </datafield>
         <datafield tag="949" ind1=" " ind2=" ">
            <subfield code="B">VAUD</subfield>
            <subfield code="F">idheap</subfield>
            <subfield code="b">idheap</subfield>
            <subfield code="j">APA 344 351(083)</subfield>
            <subfield code="c">810620002</subfield>
         </datafield>
      <datafield tag="690" ind1="H" ind2="D">
            <subfield code="8">YQ</subfield>
            <subfield code="a">Wirtschaftswissenschaften : Spezielle Betriebswirtschaftslehren</subfield>
            <subfield code="2">HSG-IFF</subfield>
        </datafield></record>