<record xmlns:xs="http://www.w3.org/2001/XMLSchema">
         <leader>     nam a22     2  4500</leader>
         <controlfield tag="001">56700564X</controlfield>
         <controlfield tag="003">CHVBK</controlfield>
         <controlfield tag="005">20190608100047.0</controlfield>
         <controlfield tag="008">190608s1976    gw       |||| 000 u ger|d</controlfield>
         <datafield tag="035" ind1=" " ind2=" ">
            <subfield code="a">(NEBIS)003283311</subfield>
         </datafield>
         <datafield tag="035" ind1=" " ind2=" ">
            <subfield code="a">(IDSSG)000995576</subfield>
         </datafield>
         <datafield tag="035" ind1=" " ind2=" ">
            <subfield code="a">(OCoLC)473436100</subfield>
         </datafield>
         <datafield tag="035" ind1=" " ind2=" ">
            <subfield code="a">(NEBIS)003283311</subfield>
         </datafield>
         <datafield tag="040" ind1=" " ind2=" ">
            <subfield code="a">DKDLA</subfield>
            <subfield code="d">SzZuIDS NEBIS ZBZ</subfield>
         </datafield>
         <datafield tag="082" ind1="0" ind2="4">
            <subfield code="a">343.32210943 KNI</subfield>
         </datafield>
         <datafield tag="084" ind1=" " ind2=" ">
            <subfield code="a">Qafb</subfield>
            <subfield code="2">z</subfield>
         </datafield>
         <datafield tag="100" ind1="1" ind2=" ">
            <subfield code="a">Knies</subfield>
            <subfield code="D">Wolfgang</subfield>
         </datafield>
         <datafield tag="245" ind1="1" ind2="0">
            <subfield code="a">Steuerzweck und Steuerbegriff</subfield>
            <subfield code="b">eine dogmengeschichtliche und kompetenzrechtliche Studie</subfield>
            <subfield code="c">Wolfgang Knies</subfield>
         </datafield>
         <datafield tag="260" ind1=" " ind2=" ">
            <subfield code="a">München</subfield>
            <subfield code="b">Beck</subfield>
            <subfield code="c">1976</subfield>
         </datafield>
         <datafield tag="300" ind1=" " ind2=" ">
            <subfield code="a">185 S.</subfield>
         </datafield>
         <datafield tag="490" ind1="0" ind2=" ">
            <subfield code="a">Steuerrecht im Rechtsstaat</subfield>
            <subfield code="v">14</subfield>
            <subfield code="i">14</subfield>
         </datafield>
         <datafield tag="650" ind1=" " ind2="7">
            <subfield code="a">Begriff</subfield>
            <subfield code="0">(DE-588)4005248-5</subfield>
            <subfield code="2">gnd</subfield>
         </datafield>
         <datafield tag="650" ind1=" " ind2="7">
            <subfield code="a">Steuer</subfield>
            <subfield code="0">(DE-588)4057399-0</subfield>
            <subfield code="2">gnd</subfield>
         </datafield>
         <datafield tag="650" ind1=" " ind2="7">
            <subfield code="a">Steuerzweck</subfield>
            <subfield code="0">(DE-588)4183241-3</subfield>
            <subfield code="2">gnd</subfield>
         </datafield>
         <datafield tag="650" ind1=" " ind2="0">
            <subfield code="a">Taxation</subfield>
            <subfield code="x">Law and legislation</subfield>
            <subfield code="z">Germany (West)</subfield>
         </datafield>
         <datafield tag="651" ind1=" " ind2="7">
            <subfield code="a">Deutschland</subfield>
            <subfield code="0">(DE-588)4011882-4</subfield>
            <subfield code="2">gnd</subfield>
         </datafield>
         <datafield tag="690" ind1=" " ind2="7">
            <subfield code="B">u</subfield>
            <subfield code="a">Steuer / Einzelne Gebiete und Orte / Europa / Deutschland / 1950- ersch</subfield>
            <subfield code="2">idszbz Z9</subfield>
         </datafield>
         <datafield tag="690" ind1=" " ind2="7">
            <subfield code="B">u</subfield>
            <subfield code="u">JA</subfield>
            <subfield code="a">Allgemeine Steuerrechtsliteratur : Allgemeines, Lehrbücher</subfield>
            <subfield code="2">idssg HD</subfield>
         </datafield>
         <datafield tag="909" ind1=" " ind2="7">
            <subfield code="a">MedeaZBZ</subfield>
            <subfield code="b">ReiheP</subfield>
            <subfield code="2">idszbz ZR</subfield>
         </datafield>
         <datafield tag="950" ind1=" " ind2=" ">
            <subfield code="B">NEBIS</subfield>
            <subfield code="P">100</subfield>
            <subfield code="E">1-</subfield>
            <subfield code="a">Knies</subfield>
            <subfield code="D">Wolfgang</subfield>
         </datafield>
         <datafield tag="950" ind1=" " ind2=" ">
            <subfield code="B">NEBIS</subfield>
            <subfield code="P">490</subfield>
            <subfield code="E">--</subfield>
            <subfield code="a">Steuerrecht im Rechtsstaat</subfield>
            <subfield code="v">14</subfield>
            <subfield code="i">14</subfield>
         </datafield>
         <datafield tag="950" ind1=" " ind2=" ">
            <subfield code="B">IDSSG</subfield>
            <subfield code="P">100</subfield>
            <subfield code="E">1-</subfield>
            <subfield code="a">Knies</subfield>
            <subfield code="D">Wolfgang</subfield>
            <subfield code="e">Verfasser</subfield>
            <subfield code="4">aut</subfield>
         </datafield>
         <datafield tag="950" ind1=" " ind2=" ">
            <subfield code="B">IDSSG</subfield>
            <subfield code="P">490</subfield>
            <subfield code="E">0-</subfield>
            <subfield code="a">Steuerrecht im Rechtsstaat</subfield>
            <subfield code="v">14</subfield>
            <subfield code="i">14</subfield>
         </datafield>
         <datafield tag="898" ind1=" " ind2=" ">
            <subfield code="a">BK020000</subfield>
            <subfield code="b">XK020000</subfield>
            <subfield code="c">XK020000</subfield>
         </datafield>
         <datafield tag="949" ind1=" " ind2=" ">
            <subfield code="B">NEBIS</subfield>
            <subfield code="F">Z01</subfield>
            <subfield code="b">Z01</subfield>
            <subfield code="c">04</subfield>
            <subfield code="j">TC 3850: 14</subfield>
         </datafield>
         <datafield tag="949" ind1=" " ind2=" ">
            <subfield code="B">IDSSG</subfield>
            <subfield code="F">HIFF</subfield>
            <subfield code="b">HIFF</subfield>
            <subfield code="c">IFF</subfield>
            <subfield code="j">JA 120</subfield>
         </datafield>
      <datafield tag="690" ind1="H" ind2="D">
            <subfield code="8">JA</subfield>
            <subfield code="a">Allgemeine Steuerrechtsliteratur : Allgemeines, Lehrbücher</subfield>
            <subfield code="2">HSG-IFF</subfield>
        </datafield></record>