<record xmlns:xs="http://www.w3.org/2001/XMLSchema">
         <leader>     cam a22     u  4500</leader>
         <controlfield tag="001">267307004</controlfield>
         <controlfield tag="003">CHVBK</controlfield>
         <controlfield tag="005">20190719092344.0</controlfield>
         <controlfield tag="008">130817s1994    sz |||||||||| 00   |ger d</controlfield>
         <datafield tag="020" ind1=" " ind2=" ">
            <subfield code="c">Fr. 12.- (br.)</subfield>
         </datafield>
         <datafield tag="035" ind1=" " ind2=" ">
            <subfield code="a">(IDSBB)001216206</subfield>
         </datafield>
         <datafield tag="035" ind1=" " ind2=" ">
            <subfield code="a">(NEBIS)000971468</subfield>
         </datafield>
         <datafield tag="035" ind1=" " ind2=" ">
            <subfield code="a">(SBT)000051471</subfield>
         </datafield>
         <datafield tag="035" ind1=" " ind2=" ">
            <subfield code="a">(SNL)991001350289703976</subfield>
         </datafield>
         <datafield tag="035" ind1=" " ind2=" ">
            <subfield code="a">(RERO)1902014</subfield>
         </datafield>
         <datafield tag="035" ind1=" " ind2=" ">
            <subfield code="a">(VAUD)991007708349702852</subfield>
         </datafield>
         <datafield tag="035" ind1=" " ind2=" ">
            <subfield code="a">(IDSSG)000995611</subfield>
         </datafield>
         <datafield tag="035" ind1=" " ind2=" ">
            <subfield code="a">(ALEX)99990444101791</subfield>
         </datafield>
         <datafield tag="035" ind1=" " ind2=" ">
            <subfield code="a">1902014</subfield>
         </datafield>
         <datafield tag="035" ind1=" " ind2=" ">
            <subfield code="a">(Sz)30372-41snl_51</subfield>
         </datafield>
         <datafield tag="035" ind1=" " ind2=" ">
            <subfield code="a">(Sz)vtls000030372</subfield>
         </datafield>
         <datafield tag="035" ind1=" " ind2=" ">
            <subfield code="a">(Sz)000030372</subfield>
         </datafield>
         <datafield tag="035" ind1=" " ind2=" ">
            <subfield code="a">(RNV)001741013-41bculausa_network</subfield>
         </datafield>
         <datafield tag="035" ind1=" " ind2=" ">
            <subfield code="a">(RERO)001741013</subfield>
         </datafield>
         <datafield tag="035" ind1=" " ind2=" ">
            <subfield code="a">(EXLNZ-41BCULAUSA_NETWORK)991013489359702851</subfield>
         </datafield>
         <datafield tag="040" ind1=" " ind2=" ">
            <subfield code="a">SzZuIDS BS/BE A125</subfield>
            <subfield code="b">ger</subfield>
            <subfield code="e">kids</subfield>
         </datafield>
         <datafield tag="072" ind1=" " ind2="7">
            <subfield code="a">s1dr</subfield>
            <subfield code="2">rero</subfield>
         </datafield>
         <datafield tag="072" ind1=" " ind2="7">
            <subfield code="a">s2sp</subfield>
            <subfield code="2">rero</subfield>
         </datafield>
         <datafield tag="082" ind1="1" ind2=" ">
            <subfield code="a">330</subfield>
            <subfield code="2">15</subfield>
         </datafield>
         <datafield tag="100" ind1="1" ind2=" ">
            <subfield code="a">Kissling-Näf</subfield>
            <subfield code="D">Ingrid</subfield>
            <subfield code="d">1964-</subfield>
            <subfield code="0">(DE-588)171538978</subfield>
         </datafield>
         <datafield tag="245" ind1="1" ind2="0">
            <subfield code="a">Politikorientierte Lernprozesse</subfield>
            <subfield code="b">Analysekonzept zur empirischen Erhebung im Feld</subfield>
            <subfield code="c">Ingrid Kissling-Näf, Daniel Marek, Pierre Gentile</subfield>
         </datafield>
         <datafield tag="264" ind1=" " ind2="1">
            <subfield code="a">Lausanne</subfield>
            <subfield code="b">IDHEAP</subfield>
            <subfield code="c">1994</subfield>
         </datafield>
         <datafield tag="300" ind1=" " ind2=" ">
            <subfield code="a">35, 5 S.</subfield>
            <subfield code="c">30 cm</subfield>
         </datafield>
         <datafield tag="490" ind1="1" ind2=" ">
            <subfield code="a">Cahiers de l'IDHEAP</subfield>
            <subfield code="v">No. 131</subfield>
            <subfield code="i">131</subfield>
            <subfield code="w">(IDSBB)000186320</subfield>
            <subfield code="9">277937523</subfield>
         </datafield>
         <datafield tag="504" ind1=" " ind2=" ">
            <subfield code="a">Literaturverz.</subfield>
         </datafield>
         <datafield tag="583" ind1=" " ind2=" ">
            <subfield code="5">labcur 2VS 104/131</subfield>
            <subfield code="z">1</subfield>
         </datafield>
         <datafield tag="650" ind1=" " ind2="7">
            <subfield code="a">Staatsorganisation und Verwaltung</subfield>
            <subfield code="0">jurivoc000021182ger</subfield>
            <subfield code="9">ger</subfield>
            <subfield code="2">jurivoc</subfield>
         </datafield>
         <datafield tag="650" ind1=" " ind2="7">
            <subfield code="a">Politik</subfield>
            <subfield code="0">jurivoc000017365ger</subfield>
            <subfield code="9">ger</subfield>
            <subfield code="2">jurivoc</subfield>
         </datafield>
         <datafield tag="650" ind1=" " ind2="7">
            <subfield code="a">Änderung(allgemein)</subfield>
            <subfield code="0">jurivoc000001084ger</subfield>
            <subfield code="9">ger</subfield>
            <subfield code="2">jurivoc</subfield>
         </datafield>
         <datafield tag="650" ind1=" " ind2="7">
            <subfield code="a">Wirksamkeit</subfield>
            <subfield code="0">jurivoc000026659ger</subfield>
            <subfield code="9">ger</subfield>
            <subfield code="2">jurivoc</subfield>
         </datafield>
         <datafield tag="650" ind1=" " ind2="7">
            <subfield code="a">Analyse</subfield>
            <subfield code="0">jurivoc000001045ger</subfield>
            <subfield code="9">ger</subfield>
            <subfield code="2">jurivoc</subfield>
         </datafield>
         <datafield tag="650" ind1=" " ind2="7">
            <subfield code="a">technisches Verfahren</subfield>
            <subfield code="0">jurivoc000022251ger</subfield>
            <subfield code="9">ger</subfield>
            <subfield code="2">jurivoc</subfield>
         </datafield>
         <datafield tag="650" ind1=" " ind2="7">
            <subfield code="a">Politique publique</subfield>
            <subfield code="0">(RERO)A021101609</subfield>
            <subfield code="2">rero</subfield>
         </datafield>
         <datafield tag="650" ind1=" " ind2="7">
            <subfield code="a">réseau</subfield>
            <subfield code="0">(RERO)A010139958</subfield>
            <subfield code="2">rerovoc</subfield>
         </datafield>
         <datafield tag="650" ind1=" " ind2="7">
            <subfield code="a">Apprentissage</subfield>
            <subfield code="0">(RERO)A021088942</subfield>
            <subfield code="2">rero</subfield>
         </datafield>
         <datafield tag="650" ind1=" " ind2="7">
            <subfield code="a">Lernen</subfield>
            <subfield code="0">(DE-588)4035408-8</subfield>
            <subfield code="2">gnd</subfield>
         </datafield>
         <datafield tag="650" ind1=" " ind2="7">
            <subfield code="a">Politikfeldanalyse</subfield>
            <subfield code="0">(DE-588)4136709-1</subfield>
            <subfield code="2">gnd</subfield>
         </datafield>
         <datafield tag="650" ind1=" " ind2="7">
            <subfield code="a">processo tecnico</subfield>
            <subfield code="9">ita</subfield>
            <subfield code="2">jurivoc</subfield>
         </datafield>
         <datafield tag="650" ind1=" " ind2="7">
            <subfield code="a">analisi</subfield>
            <subfield code="9">ita</subfield>
            <subfield code="2">jurivoc</subfield>
         </datafield>
         <datafield tag="650" ind1=" " ind2="7">
            <subfield code="a">politica</subfield>
            <subfield code="9">ita</subfield>
            <subfield code="2">jurivoc</subfield>
         </datafield>
         <datafield tag="650" ind1=" " ind2="7">
            <subfield code="a">efficacia</subfield>
            <subfield code="9">ita</subfield>
            <subfield code="2">jurivoc</subfield>
         </datafield>
         <datafield tag="650" ind1=" " ind2="7">
            <subfield code="a">modifica(in generale)</subfield>
            <subfield code="9">ita</subfield>
            <subfield code="2">jurivoc</subfield>
         </datafield>
         <datafield tag="650" ind1=" " ind2="7">
            <subfield code="a">organizzazione dello stato e amministrazione</subfield>
            <subfield code="9">ita</subfield>
            <subfield code="2">jurivoc</subfield>
         </datafield>
         <datafield tag="650" ind1=" " ind2="7">
            <subfield code="a">procédé technique</subfield>
            <subfield code="9">fre</subfield>
            <subfield code="2">jurivoc</subfield>
         </datafield>
         <datafield tag="650" ind1=" " ind2="7">
            <subfield code="a">politique</subfield>
            <subfield code="9">fre</subfield>
            <subfield code="2">jurivoc</subfield>
         </datafield>
         <datafield tag="650" ind1=" " ind2="7">
            <subfield code="a">efficacité</subfield>
            <subfield code="9">fre</subfield>
            <subfield code="2">jurivoc</subfield>
         </datafield>
         <datafield tag="650" ind1=" " ind2="7">
            <subfield code="a">modification(en général)</subfield>
            <subfield code="9">fre</subfield>
            <subfield code="2">jurivoc</subfield>
         </datafield>
         <datafield tag="650" ind1=" " ind2="7">
            <subfield code="a">organisation de l'état et administration</subfield>
            <subfield code="9">fre</subfield>
            <subfield code="2">jurivoc</subfield>
         </datafield>
         <datafield tag="650" ind1=" " ind2="7">
            <subfield code="a">politique publique</subfield>
            <subfield code="x">processus d'apprentissage</subfield>
            <subfield code="x">réseau</subfield>
            <subfield code="2">chrero</subfield>
         </datafield>
         <datafield tag="650" ind1=" " ind2="7">
            <subfield code="a">Apprentissage</subfield>
            <subfield code="2">rero</subfield>
         </datafield>
         <datafield tag="650" ind1=" " ind2="7">
            <subfield code="a">réseau</subfield>
            <subfield code="2">rerovoc</subfield>
         </datafield>
         <datafield tag="650" ind1=" " ind2="7">
            <subfield code="a">Politique publique</subfield>
            <subfield code="2">rero</subfield>
         </datafield>
         <datafield tag="650" ind1=" " ind2="7">
            <subfield code="a">analyse</subfield>
            <subfield code="x">fre</subfield>
            <subfield code="2">jurivoc</subfield>
         </datafield>
         <datafield tag="650" ind1=" " ind2="7">
            <subfield code="a">Politik (ger)</subfield>
            <subfield code="x">ger</subfield>
            <subfield code="9">ger</subfield>
            <subfield code="2">jurivoc</subfield>
         </datafield>
         <datafield tag="650" ind1=" " ind2="7">
            <subfield code="a">Wirksamkeit (ger)</subfield>
            <subfield code="x">ger</subfield>
            <subfield code="9">ger</subfield>
            <subfield code="2">jurivoc</subfield>
         </datafield>
         <datafield tag="650" ind1=" " ind2="7">
            <subfield code="a">analyse</subfield>
            <subfield code="9">fre</subfield>
            <subfield code="2">jurivoc</subfield>
         </datafield>
         <datafield tag="650" ind1=" " ind2="7">
            <subfield code="a">Staatsorganisation und Verwaltung</subfield>
            <subfield code="9">ger</subfield>
            <subfield code="2">jurivoc</subfield>
         </datafield>
         <datafield tag="650" ind1=" " ind2="7">
            <subfield code="a">Politik (ger)</subfield>
            <subfield code="9">ger</subfield>
            <subfield code="2">jurivoc</subfield>
         </datafield>
         <datafield tag="650" ind1=" " ind2="7">
            <subfield code="a">Änderung(allgemein)</subfield>
            <subfield code="9">ger</subfield>
            <subfield code="2">jurivoc</subfield>
         </datafield>
         <datafield tag="650" ind1=" " ind2="7">
            <subfield code="a">Wirksamkeit (ger)</subfield>
            <subfield code="9">ger</subfield>
            <subfield code="2">jurivoc</subfield>
         </datafield>
         <datafield tag="650" ind1=" " ind2="7">
            <subfield code="a">technisches Verfahren</subfield>
            <subfield code="9">ger</subfield>
            <subfield code="2">jurivoc</subfield>
         </datafield>
         <datafield tag="651" ind1=" " ind2="7">
            <subfield code="a">Schweiz</subfield>
            <subfield code="0">jurivoc000019912ger</subfield>
            <subfield code="9">ger</subfield>
            <subfield code="2">jurivoc</subfield>
         </datafield>
         <datafield tag="651" ind1=" " ind2="7">
            <subfield code="a">Svizzera(Stato)</subfield>
            <subfield code="9">ita</subfield>
            <subfield code="2">jurivoc</subfield>
         </datafield>
         <datafield tag="651" ind1=" " ind2="7">
            <subfield code="a">Suisse(État)</subfield>
            <subfield code="9">fre</subfield>
            <subfield code="2">jurivoc</subfield>
         </datafield>
         <datafield tag="651" ind1=" " ind2="7">
            <subfield code="a">Schweiz</subfield>
            <subfield code="0">jurivoc000019912ger</subfield>
            <subfield code="2">jurivoc</subfield>
         </datafield>
         <datafield tag="651" ind1=" " ind2="7">
            <subfield code="a">Schweiz</subfield>
            <subfield code="9">ger</subfield>
            <subfield code="2">jurivoc</subfield>
         </datafield>
         <datafield tag="690" ind1=" " ind2="7">
            <subfield code="B">s</subfield>
            <subfield code="a">politica pubblica</subfield>
            <subfield code="x">processo d'apprendimento</subfield>
            <subfield code="x">rete</subfield>
            <subfield code="2">sbt TR</subfield>
         </datafield>
         <datafield tag="690" ind1=" " ind2="7">
            <subfield code="B">u</subfield>
            <subfield code="u">WD</subfield>
            <subfield code="a">Sep. 08 Uebrige Literatur : Sep. 08 Diverse Gebiete, Umweltschutz</subfield>
            <subfield code="2">idssg HD</subfield>
         </datafield>
         <datafield tag="691" ind1=" " ind2="7">
            <subfield code="B">u</subfield>
            <subfield code="a">LERNTHEORIEN + LERNMODELLE (UNTERRICHT)</subfield>
            <subfield code="z">ger</subfield>
            <subfield code="u">371.3,01</subfield>
            <subfield code="2">nebis E1</subfield>
         </datafield>
         <datafield tag="691" ind1=" " ind2="7">
            <subfield code="B">u</subfield>
            <subfield code="a">LERNEN + AUFNAHMEFÄHIGKEIT (PSYCHOLOGIE)</subfield>
            <subfield code="z">ger</subfield>
            <subfield code="u">159.953.5</subfield>
            <subfield code="2">nebis E1</subfield>
         </datafield>
         <datafield tag="691" ind1=" " ind2="7">
            <subfield code="B">u</subfield>
            <subfield code="a">NETZWERKPLANUNG (OPERATIONS RESEARCH)</subfield>
            <subfield code="z">ger</subfield>
            <subfield code="u">519.876.3</subfield>
            <subfield code="2">nebis E1</subfield>
         </datafield>
         <datafield tag="691" ind1=" " ind2="7">
            <subfield code="B">u</subfield>
            <subfield code="a">ORGANISATIONSTHEORIE</subfield>
            <subfield code="z">ger</subfield>
            <subfield code="u">65,03.08</subfield>
            <subfield code="2">nebis E1</subfield>
         </datafield>
         <datafield tag="691" ind1=" " ind2="7">
            <subfield code="B">u</subfield>
            <subfield code="a">ÖFFENTLICHE VERWALTUNG</subfield>
            <subfield code="z">ger</subfield>
            <subfield code="u">35</subfield>
            <subfield code="2">nebis E1</subfield>
         </datafield>
         <datafield tag="691" ind1=" " ind2="7">
            <subfield code="B">u</subfield>
            <subfield code="a">INNENPOLITIK (POLITIK)</subfield>
            <subfield code="z">ger</subfield>
            <subfield code="u">323</subfield>
            <subfield code="2">nebis E1</subfield>
         </datafield>
         <datafield tag="691" ind1=" " ind2="7">
            <subfield code="B">u</subfield>
            <subfield code="a">LEARNING THEORIES + LEARNING MODELS (INSTRUCTION)</subfield>
            <subfield code="z">eng</subfield>
            <subfield code="u">371.3,01</subfield>
            <subfield code="2">nebis E1</subfield>
         </datafield>
         <datafield tag="691" ind1=" " ind2="7">
            <subfield code="B">u</subfield>
            <subfield code="a">THÉORIES D'APPRENTISSAGE + MODÈLES D' APPRENTISSAGE (ENSEIGNEMENT)</subfield>
            <subfield code="z">fre</subfield>
            <subfield code="u">371.3,01</subfield>
            <subfield code="2">nebis E1</subfield>
         </datafield>
         <datafield tag="691" ind1=" " ind2="7">
            <subfield code="B">u</subfield>
            <subfield code="a">LEARNING + CAPACITY OF ASSIMILATION (PSYCHOLOGY)</subfield>
            <subfield code="z">eng</subfield>
            <subfield code="u">159.953.5</subfield>
            <subfield code="2">nebis E1</subfield>
         </datafield>
         <datafield tag="691" ind1=" " ind2="7">
            <subfield code="B">u</subfield>
            <subfield code="a">APPRENTISSAGE + CAPACITÉ D'ASSIMILATION (PSYCHOLOGIE)</subfield>
            <subfield code="z">fre</subfield>
            <subfield code="u">159.953.5</subfield>
            <subfield code="2">nebis E1</subfield>
         </datafield>
         <datafield tag="691" ind1=" " ind2="7">
            <subfield code="B">u</subfield>
            <subfield code="a">NETWORK PLANNING (OPERATIONS RESEARCH)</subfield>
            <subfield code="z">eng</subfield>
            <subfield code="u">519.876.3</subfield>
            <subfield code="2">nebis E1</subfield>
         </datafield>
         <datafield tag="691" ind1=" " ind2="7">
            <subfield code="B">u</subfield>
            <subfield code="a">PLANIFICATION DE RÉSEAUX (RECHERCHE OPÉRATIONNELLE)</subfield>
            <subfield code="z">fre</subfield>
            <subfield code="u">519.876.3</subfield>
            <subfield code="2">nebis E1</subfield>
         </datafield>
         <datafield tag="691" ind1=" " ind2="7">
            <subfield code="B">u</subfield>
            <subfield code="a">ORGANIZATIONAL THEORY</subfield>
            <subfield code="z">eng</subfield>
            <subfield code="u">65,03.08</subfield>
            <subfield code="2">nebis E1</subfield>
         </datafield>
         <datafield tag="691" ind1=" " ind2="7">
            <subfield code="B">u</subfield>
            <subfield code="a">THÉORIE DES ORGANISATIONS</subfield>
            <subfield code="z">fre</subfield>
            <subfield code="u">65,03.08</subfield>
            <subfield code="2">nebis E1</subfield>
         </datafield>
         <datafield tag="691" ind1=" " ind2="7">
            <subfield code="B">u</subfield>
            <subfield code="a">ADMINISTRATION PUBLIQUE</subfield>
            <subfield code="z">fre</subfield>
            <subfield code="u">35</subfield>
            <subfield code="2">nebis E1</subfield>
         </datafield>
         <datafield tag="691" ind1=" " ind2="7">
            <subfield code="B">u</subfield>
            <subfield code="a">PUBLIC ADMINISTRATION</subfield>
            <subfield code="z">eng</subfield>
            <subfield code="u">35</subfield>
            <subfield code="2">nebis E1</subfield>
         </datafield>
         <datafield tag="691" ind1=" " ind2="7">
            <subfield code="B">u</subfield>
            <subfield code="a">INTERNAL POLITICS (POLITICS)</subfield>
            <subfield code="z">eng</subfield>
            <subfield code="u">323</subfield>
            <subfield code="2">nebis E1</subfield>
         </datafield>
         <datafield tag="691" ind1=" " ind2="7">
            <subfield code="B">u</subfield>
            <subfield code="a">POLITIQUE INTÉRIEURE (POLITIQUE)</subfield>
            <subfield code="z">fre</subfield>
            <subfield code="u">323</subfield>
            <subfield code="2">nebis E1</subfield>
         </datafield>
         <datafield tag="691" ind1=" " ind2="7">
            <subfield code="B">u</subfield>
            <subfield code="u">350</subfield>
            <subfield code="a">Amministrazione pubblica e scienza militare</subfield>
            <subfield code="2">sbt TE</subfield>
         </datafield>
         <datafield tag="691" ind1=" " ind2="7">
            <subfield code="a">sb</subfield>
            <subfield code="b">1995/01</subfield>
            <subfield code="c">06.1</subfield>
            <subfield code="2">snl-sb</subfield>
         </datafield>
         <datafield tag="700" ind1="1" ind2=" ">
            <subfield code="a">Marek</subfield>
            <subfield code="D">Daniel</subfield>
         </datafield>
         <datafield tag="700" ind1="1" ind2=" ">
            <subfield code="a">Gentile</subfield>
            <subfield code="D">Pierre</subfield>
         </datafield>
         <datafield tag="830" ind1=" " ind2="0">
            <subfield code="a">Cahiers de l'IDHEAP</subfield>
            <subfield code="v">131</subfield>
            <subfield code="7">(Sz)000010439</subfield>
         </datafield>
         <datafield tag="898" ind1=" " ind2=" ">
            <subfield code="a">BK020000</subfield>
            <subfield code="b">XK020000</subfield>
            <subfield code="c">XK020000</subfield>
         </datafield>
         <datafield tag="912" ind1=" " ind2="7">
            <subfield code="a">wi</subfield>
            <subfield code="2">SzZuIDS BS/BE</subfield>
         </datafield>
         <datafield tag="912" ind1=" " ind2="7">
            <subfield code="a">dr</subfield>
            <subfield code="2">SzBzSBTc</subfield>
         </datafield>
         <datafield tag="912" ind1=" " ind2="7">
            <subfield code="a">sp</subfield>
            <subfield code="2">SzBzSBTc</subfield>
         </datafield>
         <datafield tag="949" ind1=" " ind2=" ">
            <subfield code="B">SNL</subfield>
            <subfield code="F">NB001</subfield>
            <subfield code="b">NB001</subfield>
            <subfield code="j">Pq 17629/131</subfield>
            <subfield code="c">NB10011</subfield>
         </datafield>
         <datafield tag="949" ind1=" " ind2=" ">
            <subfield code="B">NEBIS</subfield>
            <subfield code="F">E19</subfield>
            <subfield code="b">E19</subfield>
            <subfield code="j">K 834: 131</subfield>
         </datafield>
         <datafield tag="949" ind1=" " ind2=" ">
            <subfield code="B">RERO</subfield>
            <subfield code="F">RE31014</subfield>
            <subfield code="b">RE31014</subfield>
            <subfield code="c">RE310140022</subfield>
            <subfield code="j">BSE XD1/3/ 131</subfield>
         </datafield>
         <datafield tag="949" ind1=" " ind2=" ">
            <subfield code="B">RERO</subfield>
            <subfield code="F">RE71040</subfield>
            <subfield code="b">RE71040</subfield>
            <subfield code="c">RE710400001</subfield>
            <subfield code="j">TFLa J 4/241</subfield>
            <subfield code="z">131</subfield>
         </datafield>
         <datafield tag="949" ind1=" " ind2=" ">
            <subfield code="B">VAUD</subfield>
            <subfield code="F">idheap</subfield>
            <subfield code="b">idheap</subfield>
            <subfield code="j">APB 238/131 35.07</subfield>
            <subfield code="s">APB 238/131+1  | 35.07</subfield>
            <subfield code="c">810620002</subfield>
         </datafield>
         <datafield tag="949" ind1=" " ind2=" ">
            <subfield code="B">VAUD</subfield>
            <subfield code="F">idheap</subfield>
            <subfield code="b">idheap</subfield>
            <subfield code="j">APB 238/131 35.07</subfield>
            <subfield code="c">810620002</subfield>
         </datafield>
         <datafield tag="949" ind1=" " ind2=" ">
            <subfield code="B">VAUD</subfield>
            <subfield code="F">bcur</subfield>
            <subfield code="b">bcur</subfield>
            <subfield code="j">2VS 104/131</subfield>
            <subfield code="c">810020098</subfield>
         </datafield>
         <datafield tag="949" ind1=" " ind2=" ">
            <subfield code="B">VAUD</subfield>
            <subfield code="F">idheap</subfield>
            <subfield code="b">idheap</subfield>
            <subfield code="j">APB 238/131+2 35.07</subfield>
            <subfield code="c">810620003</subfield>
         </datafield>
         <datafield tag="949" ind1=" " ind2=" ">
            <subfield code="B">ALEX</subfield>
            <subfield code="F">BIG</subfield>
            <subfield code="b">BIG</subfield>
            <subfield code="j">BIG EPZB Zq 326(131)</subfield>
            <subfield code="c">Magazin1</subfield>
         </datafield>
         <datafield tag="949" ind1=" " ind2=" ">
            <subfield code="B">NEBIS</subfield>
            <subfield code="F">Z01</subfield>
            <subfield code="b">Z01</subfield>
            <subfield code="c">04</subfield>
            <subfield code="j">TC 1235: 131</subfield>
         </datafield>
         <datafield tag="949" ind1=" " ind2=" ">
            <subfield code="B">IDSBB</subfield>
            <subfield code="F">B500</subfield>
            <subfield code="b">B500</subfield>
            <subfield code="c">FH</subfield>
            <subfield code="j">VRF_MG_32730 10</subfield>
            <subfield code="s">POL 68. 91</subfield>
            <subfield code="x">Akz: be/usoz/k/si. Rekat. Jan. 2000</subfield>
         </datafield>
         <datafield tag="949" ind1=" " ind2=" ">
            <subfield code="B">IDSSG</subfield>
            <subfield code="F">HIFF</subfield>
            <subfield code="b">HIFF</subfield>
            <subfield code="c">IFF</subfield>
            <subfield code="j">WD 229</subfield>
         </datafield>
         <datafield tag="949" ind1=" " ind2=" ">
            <subfield code="B">NEBIS</subfield>
            <subfield code="F">E16</subfield>
            <subfield code="b">E16</subfield>
            <subfield code="c">K1</subfield>
            <subfield code="j">P 919985: 131</subfield>
         </datafield>
         <datafield tag="949" ind1=" " ind2=" ">
            <subfield code="B">IDSBB</subfield>
            <subfield code="F">A125</subfield>
            <subfield code="b">A125</subfield>
            <subfield code="c">125MZ</subfield>
            <subfield code="j">UBW Zq 1703 : 131</subfield>
            <subfield code="x">Akz: ba/uub-/k</subfield>
         </datafield>
         <datafield tag="949" ind1=" " ind2=" ">
            <subfield code="B">SBT</subfield>
            <subfield code="F">LUBUL</subfield>
            <subfield code="b">LUBUL</subfield>
            <subfield code="c">203</subfield>
            <subfield code="j">BUL M 30.2019</subfield>
         </datafield>
         <datafield tag="949" ind1=" " ind2=" ">
            <subfield code="B">NEBIS</subfield>
            <subfield code="F">E02</subfield>
            <subfield code="b">E02</subfield>
            <subfield code="c">E02MA</subfield>
            <subfield code="j">YB 184: 131</subfield>
         </datafield>
         <datafield tag="950" ind1=" " ind2=" ">
            <subfield code="B">IDSBB</subfield>
            <subfield code="P">100</subfield>
            <subfield code="E">1-</subfield>
            <subfield code="a">Kissling-Näf</subfield>
            <subfield code="D">Ingrid</subfield>
            <subfield code="d">1964-</subfield>
            <subfield code="0">(DE-588)171538978</subfield>
         </datafield>
         <datafield tag="950" ind1=" " ind2=" ">
            <subfield code="B">IDSBB</subfield>
            <subfield code="P">490</subfield>
            <subfield code="E">0-</subfield>
            <subfield code="a">Cahiers de l'IDHEAP</subfield>
            <subfield code="v">No. 131</subfield>
            <subfield code="i">131</subfield>
            <subfield code="w">(IDSBB)000186320</subfield>
            <subfield code="9">277937523</subfield>
         </datafield>
         <datafield tag="950" ind1=" " ind2=" ">
            <subfield code="B">IDSBB</subfield>
            <subfield code="P">700</subfield>
            <subfield code="E">1-</subfield>
            <subfield code="a">Marek</subfield>
            <subfield code="D">Daniel</subfield>
         </datafield>
         <datafield tag="950" ind1=" " ind2=" ">
            <subfield code="B">IDSBB</subfield>
            <subfield code="P">700</subfield>
            <subfield code="E">1-</subfield>
            <subfield code="a">Gentile</subfield>
            <subfield code="D">Pierre</subfield>
         </datafield>
         <datafield tag="950" ind1=" " ind2=" ">
            <subfield code="B">NEBIS</subfield>
            <subfield code="P">100</subfield>
            <subfield code="E">1-</subfield>
            <subfield code="a">Kissling-Näf</subfield>
            <subfield code="D">Ingrid</subfield>
            <subfield code="d">1964-</subfield>
            <subfield code="0">(DE-588)171538978</subfield>
         </datafield>
         <datafield tag="950" ind1=" " ind2=" ">
            <subfield code="B">NEBIS</subfield>
            <subfield code="P">490</subfield>
            <subfield code="E">--</subfield>
            <subfield code="a">Cahiers de l'IDHEAP</subfield>
            <subfield code="v">no 131</subfield>
            <subfield code="i">131</subfield>
            <subfield code="w">(NEBIS)000025548</subfield>
            <subfield code="9">277937523</subfield>
         </datafield>
         <datafield tag="950" ind1=" " ind2=" ">
            <subfield code="B">NEBIS</subfield>
            <subfield code="P">700</subfield>
            <subfield code="E">1-</subfield>
            <subfield code="a">Marek</subfield>
            <subfield code="D">Daniel</subfield>
         </datafield>
         <datafield tag="950" ind1=" " ind2=" ">
            <subfield code="B">NEBIS</subfield>
            <subfield code="P">700</subfield>
            <subfield code="E">1-</subfield>
            <subfield code="a">Gentile</subfield>
            <subfield code="D">Pierre</subfield>
         </datafield>
         <datafield tag="950" ind1=" " ind2=" ">
            <subfield code="B">SBT</subfield>
            <subfield code="P">100</subfield>
            <subfield code="E">1-</subfield>
            <subfield code="a">Kissling-Näf</subfield>
            <subfield code="D">Ingrid</subfield>
         </datafield>
         <datafield tag="950" ind1=" " ind2=" ">
            <subfield code="B">SBT</subfield>
            <subfield code="P">490</subfield>
            <subfield code="E">--</subfield>
            <subfield code="a">Cahiers de l'IDHEAP</subfield>
            <subfield code="v">no 131</subfield>
            <subfield code="i">131</subfield>
            <subfield code="w">(SBT)000003339</subfield>
            <subfield code="9">041259068</subfield>
         </datafield>
         <datafield tag="950" ind1=" " ind2=" ">
            <subfield code="B">SBT</subfield>
            <subfield code="P">700</subfield>
            <subfield code="E">1-</subfield>
            <subfield code="a">Marek</subfield>
            <subfield code="D">Daniel</subfield>
         </datafield>
         <datafield tag="950" ind1=" " ind2=" ">
            <subfield code="B">SBT</subfield>
            <subfield code="P">700</subfield>
            <subfield code="E">1-</subfield>
            <subfield code="a">Gentile</subfield>
            <subfield code="D">Pierre</subfield>
         </datafield>
         <datafield tag="950" ind1=" " ind2=" ">
            <subfield code="B">SNL</subfield>
            <subfield code="P">100</subfield>
            <subfield code="E">1-</subfield>
            <subfield code="a">Kissling-Näf</subfield>
            <subfield code="D">Ingrid</subfield>
         </datafield>
         <datafield tag="950" ind1=" " ind2=" ">
            <subfield code="B">SNL</subfield>
            <subfield code="P">490</subfield>
            <subfield code="E">1-</subfield>
            <subfield code="a">Cahiers de l'IDHEAP</subfield>
            <subfield code="v">no 131</subfield>
         </datafield>
         <datafield tag="950" ind1=" " ind2=" ">
            <subfield code="B">SNL</subfield>
            <subfield code="P">700</subfield>
            <subfield code="E">1-</subfield>
            <subfield code="a">Gentile</subfield>
            <subfield code="D">Pierre</subfield>
         </datafield>
         <datafield tag="950" ind1=" " ind2=" ">
            <subfield code="B">SNL</subfield>
            <subfield code="P">700</subfield>
            <subfield code="E">1-</subfield>
            <subfield code="a">Marek</subfield>
            <subfield code="D">Daniel</subfield>
         </datafield>
         <datafield tag="950" ind1=" " ind2=" ">
            <subfield code="B">SNL</subfield>
            <subfield code="P">710</subfield>
            <subfield code="E">2-</subfield>
            <subfield code="a">Université de Lausanne</subfield>
            <subfield code="b">Institut de hautes études en administration publique</subfield>
            <subfield code="0">(DE-588)2175799-9</subfield>
         </datafield>
         <datafield tag="950" ind1=" " ind2=" ">
            <subfield code="B">SNL</subfield>
            <subfield code="P">830</subfield>
            <subfield code="E">--</subfield>
            <subfield code="a">Cahiers de l'IDHEAP</subfield>
            <subfield code="v">131</subfield>
            <subfield code="7">(Sz)000010439</subfield>
         </datafield>
         <datafield tag="950" ind1=" " ind2=" ">
            <subfield code="B">RERO</subfield>
            <subfield code="P">100</subfield>
            <subfield code="E">1-</subfield>
            <subfield code="a">Kissling-Näf</subfield>
            <subfield code="D">Ingrid</subfield>
            <subfield code="0">(RERO)A000098504</subfield>
            <subfield code="4">cre</subfield>
         </datafield>
         <datafield tag="950" ind1=" " ind2=" ">
            <subfield code="B">RERO</subfield>
            <subfield code="P">490</subfield>
            <subfield code="E">1-</subfield>
            <subfield code="a">Cahiers de l'IDHEAP</subfield>
            <subfield code="v">no 131</subfield>
         </datafield>
         <datafield tag="950" ind1=" " ind2=" ">
            <subfield code="B">RERO</subfield>
            <subfield code="P">700</subfield>
            <subfield code="E">1-</subfield>
            <subfield code="a">Marek</subfield>
            <subfield code="D">Daniel</subfield>
            <subfield code="0">(RERO)A003560891</subfield>
         </datafield>
         <datafield tag="950" ind1=" " ind2=" ">
            <subfield code="B">RERO</subfield>
            <subfield code="P">700</subfield>
            <subfield code="E">1-</subfield>
            <subfield code="a">Gentile</subfield>
            <subfield code="D">Pierre</subfield>
            <subfield code="0">(RERO)A003287782</subfield>
         </datafield>
         <datafield tag="950" ind1=" " ind2=" ">
            <subfield code="B">RERO</subfield>
            <subfield code="P">830</subfield>
            <subfield code="E">--</subfield>
            <subfield code="a">Cahiers de l'IDHEAP : recherches et analyse</subfield>
            <subfield code="v">131</subfield>
            <subfield code="w">(RERO)000524332</subfield>
         </datafield>
         <datafield tag="950" ind1=" " ind2=" ">
            <subfield code="B">VAUD</subfield>
            <subfield code="P">100</subfield>
            <subfield code="E">1-</subfield>
            <subfield code="a">Kissling-Näf</subfield>
            <subfield code="D">Ingrid</subfield>
         </datafield>
         <datafield tag="950" ind1=" " ind2=" ">
            <subfield code="B">VAUD</subfield>
            <subfield code="P">490</subfield>
            <subfield code="E">1-</subfield>
            <subfield code="a">Cahiers de l'IDHEAP</subfield>
            <subfield code="v">no 131</subfield>
         </datafield>
         <datafield tag="950" ind1=" " ind2=" ">
            <subfield code="B">VAUD</subfield>
            <subfield code="P">700</subfield>
            <subfield code="E">1-</subfield>
            <subfield code="a">Marek</subfield>
            <subfield code="D">Daniel</subfield>
         </datafield>
         <datafield tag="950" ind1=" " ind2=" ">
            <subfield code="B">VAUD</subfield>
            <subfield code="P">700</subfield>
            <subfield code="E">1-</subfield>
            <subfield code="a">Gentile</subfield>
            <subfield code="D">Pierre</subfield>
         </datafield>
         <datafield tag="950" ind1=" " ind2=" ">
            <subfield code="B">VAUD</subfield>
            <subfield code="P">830</subfield>
            <subfield code="E">--</subfield>
            <subfield code="a">Cahiers de l'IDHEAP : recherches et analyse</subfield>
            <subfield code="v">131</subfield>
         </datafield>
         <datafield tag="950" ind1=" " ind2=" ">
            <subfield code="B">IDSSG</subfield>
            <subfield code="P">100</subfield>
            <subfield code="E">1-</subfield>
            <subfield code="a">Kissling-Näf</subfield>
            <subfield code="D">Ingrid</subfield>
            <subfield code="d">1964</subfield>
            <subfield code="e">Verfasser</subfield>
            <subfield code="4">aut</subfield>
         </datafield>
         <datafield tag="950" ind1=" " ind2=" ">
            <subfield code="B">IDSSG</subfield>
            <subfield code="P">490</subfield>
            <subfield code="E">0-</subfield>
            <subfield code="a">Cahiers de l'IDHEAP</subfield>
            <subfield code="v">No. 131</subfield>
            <subfield code="i">131</subfield>
         </datafield>
         <datafield tag="950" ind1=" " ind2=" ">
            <subfield code="B">IDSSG</subfield>
            <subfield code="P">700</subfield>
            <subfield code="E">1-</subfield>
            <subfield code="a">Marek</subfield>
            <subfield code="D">Daniel</subfield>
         </datafield>
         <datafield tag="950" ind1=" " ind2=" ">
            <subfield code="B">IDSSG</subfield>
            <subfield code="P">700</subfield>
            <subfield code="E">1-</subfield>
            <subfield code="a">Gentile</subfield>
            <subfield code="D">Pierre</subfield>
         </datafield>
         <datafield tag="950" ind1=" " ind2=" ">
            <subfield code="B">ALEX</subfield>
            <subfield code="P">100</subfield>
            <subfield code="E">1-</subfield>
            <subfield code="a">Kissling-Näf</subfield>
            <subfield code="D">Ingrid</subfield>
         </datafield>
         <datafield tag="950" ind1=" " ind2=" ">
            <subfield code="B">ALEX</subfield>
            <subfield code="P">490</subfield>
            <subfield code="E">1-</subfield>
            <subfield code="a">Cahiers de l'IDHEAP</subfield>
            <subfield code="v">131</subfield>
         </datafield>
         <datafield tag="950" ind1=" " ind2=" ">
            <subfield code="B">ALEX</subfield>
            <subfield code="P">700</subfield>
            <subfield code="E">1-</subfield>
            <subfield code="a">Marek</subfield>
            <subfield code="D">Daniel</subfield>
         </datafield>
         <datafield tag="950" ind1=" " ind2=" ">
            <subfield code="B">ALEX</subfield>
            <subfield code="P">700</subfield>
            <subfield code="E">1-</subfield>
            <subfield code="a">Gentile</subfield>
            <subfield code="D">Pierre</subfield>
         </datafield>
         <datafield tag="950" ind1=" " ind2=" ">
            <subfield code="B">ALEX</subfield>
            <subfield code="P">710</subfield>
            <subfield code="E">2-</subfield>
            <subfield code="a">Institut de hautes études en administration publique</subfield>
         </datafield>
         <datafield tag="950" ind1=" " ind2=" ">
            <subfield code="B">ALEX</subfield>
            <subfield code="P">830</subfield>
            <subfield code="E">--</subfield>
            <subfield code="a">Cahiers de l'IDHEAP</subfield>
            <subfield code="v">131</subfield>
         </datafield>
      <datafield tag="690" ind1="H" ind2="D">
            <subfield code="8">WD</subfield>
            <subfield code="a">Sep. 08 Uebrige Literatur : Sep. 08 Diverse Gebiete, Umweltschutz</subfield>
            <subfield code="2">HSG-IFF</subfield>
        </datafield></record>