<record xmlns:xs="http://www.w3.org/2001/XMLSchema">
         <leader>     cam a22     4  4500</leader>
         <controlfield tag="001">31101027X</controlfield>
         <controlfield tag="003">CHVBK</controlfield>
         <controlfield tag="005">20190326203042.0</controlfield>
         <controlfield tag="008">140205s1985    xxk           00    eng  </controlfield>
         <datafield tag="020" ind1=" " ind2=" ">
            <subfield code="a">0-333-21599-0</subfield>
         </datafield>
         <datafield tag="035" ind1=" " ind2=" ">
            <subfield code="a">(NEBIS)008282909</subfield>
         </datafield>
         <datafield tag="035" ind1=" " ind2=" ">
            <subfield code="a">(IDSSG)000343866</subfield>
         </datafield>
         <datafield tag="040" ind1=" " ind2=" ">
            <subfield code="a">SzZuIDS NEBIS UZH</subfield>
         </datafield>
         <datafield tag="100" ind1="1" ind2=" ">
            <subfield code="a">Gough</subfield>
            <subfield code="D">Ian</subfield>
            <subfield code="d">1948-</subfield>
            <subfield code="0">(DE-588)170967034</subfield>
         </datafield>
         <datafield tag="245" ind1="1" ind2="4">
            <subfield code="a">The political economy of the welfare state</subfield>
            <subfield code="c">Ian Gough</subfield>
         </datafield>
         <datafield tag="260" ind1=" " ind2=" ">
            <subfield code="a">London</subfield>
            <subfield code="b">Macmillan</subfield>
            <subfield code="c">1985</subfield>
         </datafield>
         <datafield tag="300" ind1=" " ind2=" ">
            <subfield code="a">196 S.</subfield>
            <subfield code="b">Ill.</subfield>
         </datafield>
         <datafield tag="490" ind1="0" ind2=" ">
            <subfield code="a">Critical texts in social work and the welfare state</subfield>
            <subfield code="w">(NEBIS)001207477</subfield>
            <subfield code="9">136763308</subfield>
         </datafield>
         <datafield tag="650" ind1=" " ind2="7">
            <subfield code="a">Politische Ökonomie</subfield>
            <subfield code="0">(DE-588)4115586-5</subfield>
            <subfield code="2">gnd</subfield>
         </datafield>
         <datafield tag="650" ind1=" " ind2="7">
            <subfield code="a">Sozialpolitik</subfield>
            <subfield code="0">(DE-588)4055879-4</subfield>
            <subfield code="2">gnd</subfield>
         </datafield>
         <datafield tag="650" ind1=" " ind2="7">
            <subfield code="a">Wohlfahrtsstaat</subfield>
            <subfield code="0">(DE-588)4117641-8</subfield>
            <subfield code="2">gnd</subfield>
         </datafield>
         <datafield tag="690" ind1=" " ind2="7">
            <subfield code="B">u</subfield>
            <subfield code="a">Politische Ökonomie</subfield>
            <subfield code="2">idsuzh VK</subfield>
         </datafield>
         <datafield tag="690" ind1=" " ind2="7">
            <subfield code="B">u</subfield>
            <subfield code="a">Sozialpolitik</subfield>
            <subfield code="2">idsuzh VK</subfield>
         </datafield>
         <datafield tag="690" ind1=" " ind2="7">
            <subfield code="B">u</subfield>
            <subfield code="a">Staat</subfield>
            <subfield code="2">idsuzh VK</subfield>
         </datafield>
         <datafield tag="690" ind1=" " ind2="7">
            <subfield code="B">u</subfield>
            <subfield code="a">Schichtung und Klassen</subfield>
            <subfield code="2">idsuzh VK</subfield>
         </datafield>
         <datafield tag="690" ind1=" " ind2="7">
            <subfield code="B">u</subfield>
            <subfield code="a">Grossbritannien</subfield>
            <subfield code="2">idsuzh VK</subfield>
         </datafield>
         <datafield tag="950" ind1=" " ind2=" ">
            <subfield code="B">NEBIS</subfield>
            <subfield code="P">100</subfield>
            <subfield code="E">1-</subfield>
            <subfield code="a">Gough</subfield>
            <subfield code="D">Ian</subfield>
            <subfield code="d">1948-</subfield>
            <subfield code="0">(DE-588)170967034</subfield>
         </datafield>
         <datafield tag="950" ind1=" " ind2=" ">
            <subfield code="B">NEBIS</subfield>
            <subfield code="P">490</subfield>
            <subfield code="E">--</subfield>
            <subfield code="a">Critical texts in social work and the welfare state</subfield>
            <subfield code="w">(NEBIS)001207477</subfield>
            <subfield code="9">136763308</subfield>
         </datafield>
         <datafield tag="950" ind1=" " ind2=" ">
            <subfield code="B">IDSSG</subfield>
            <subfield code="P">100</subfield>
            <subfield code="E">1-</subfield>
            <subfield code="a">Gough</subfield>
            <subfield code="D">Ian</subfield>
         </datafield>
         <datafield tag="950" ind1=" " ind2=" ">
            <subfield code="B">IDSSG</subfield>
            <subfield code="P">490</subfield>
            <subfield code="E">0-</subfield>
            <subfield code="a">Critical texts in social work and the welfare state</subfield>
         </datafield>
         <datafield tag="986" ind1=" " ind2=" ">
            <subfield code="a">SWISSBIB</subfield>
            <subfield code="b">223352101</subfield>
         </datafield>
         <datafield tag="898" ind1=" " ind2=" ">
            <subfield code="a">BK020000</subfield>
            <subfield code="b">XK020000</subfield>
            <subfield code="c">XK020000</subfield>
         </datafield>
         <datafield tag="949" ind1=" " ind2=" ">
            <subfield code="B">NEBIS</subfield>
            <subfield code="F">USIUZ</subfield>
            <subfield code="b">USIUZ</subfield>
            <subfield code="c">ULSUZ</subfield>
            <subfield code="j">J 938</subfield>
         </datafield>
         <datafield tag="949" ind1=" " ind2=" ">
            <subfield code="B">IDSSG</subfield>
            <subfield code="F">HSG</subfield>
            <subfield code="b">SGSBI</subfield>
            <subfield code="c">BURON</subfield>
            <subfield code="j">+Vwl N 1057</subfield>
         </datafield>
      <datafield tag="690" ind1="H" ind2="D">
            <subfield code="8">YX</subfield>
            <subfield code="a">Wirtschaftswissenschaften : Sozialpolitik. Gesundheitswesen. Bildungsökonomie</subfield>
            <subfield code="2">HSG-IFF</subfield>
        </datafield></record>