<record xmlns:xs="http://www.w3.org/2001/XMLSchema">
         <leader>     cam a22     u  4500</leader>
         <controlfield tag="001">291222471</controlfield>
         <controlfield tag="003">CHVBK</controlfield>
         <controlfield tag="005">20190608092518.0</controlfield>
         <controlfield tag="008">131020s1948    sz |||||||||| 00   |ger d</controlfield>
         <datafield tag="019" ind1=" " ind2=" ">
            <subfield code="a">SPI Retro 719000</subfield>
         </datafield>
         <datafield tag="035" ind1=" " ind2=" ">
            <subfield code="a">(IDSBB)001112661</subfield>
         </datafield>
         <datafield tag="035" ind1=" " ind2=" ">
            <subfield code="a">(IDSSG)000996109</subfield>
         </datafield>
         <datafield tag="035" ind1=" " ind2=" ">
            <subfield code="a">(NEBIS)002349249</subfield>
         </datafield>
         <datafield tag="035" ind1=" " ind2=" ">
            <subfield code="a">(IDSBB)001112661</subfield>
         </datafield>
         <datafield tag="035" ind1=" " ind2=" ">
            <subfield code="a">(NEBIS)002349249</subfield>
         </datafield>
         <datafield tag="040" ind1=" " ind2=" ">
            <subfield code="a">SzZuIDS BS/BE A125</subfield>
            <subfield code="b">ger</subfield>
            <subfield code="e">kids</subfield>
         </datafield>
         <datafield tag="082" ind1="1" ind2=" ">
            <subfield code="a">330</subfield>
            <subfield code="2">15</subfield>
         </datafield>
         <datafield tag="100" ind1="1" ind2=" ">
            <subfield code="a">Saitzew</subfield>
            <subfield code="D">Manuel</subfield>
         </datafield>
         <datafield tag="245" ind1="1" ind2="4">
            <subfield code="a">Die Heimfallabschreibungen und ihre steuerliche Behandlung</subfield>
            <subfield code="c">Gutachten erstattet der Nordostschweizerische Kraftwerke AG von M. Saitzew ; [Hrsg.: Nordostschweizerische Kraftwerke]</subfield>
         </datafield>
         <datafield tag="264" ind1=" " ind2="1">
            <subfield code="a">Zürich</subfield>
            <subfield code="b">[Verlag nicht ermittelbar]</subfield>
            <subfield code="c">1948</subfield>
         </datafield>
         <datafield tag="300" ind1=" " ind2=" ">
            <subfield code="a">59 S.</subfield>
            <subfield code="c">24 cm</subfield>
         </datafield>
         <datafield tag="690" ind1=" " ind2="7">
            <subfield code="B">u</subfield>
            <subfield code="u">PE</subfield>
            <subfield code="a">Einkommen- und Vermögensteuern, Ertrag- und Kapitalsteuern : Einkommen Selbständigerwerbender, Unternehmungsbesteuerung</subfield>
            <subfield code="2">idssg HD</subfield>
         </datafield>
         <datafield tag="690" ind1=" " ind2="7">
            <subfield code="B">u</subfield>
            <subfield code="a">Steuern-Schweiz</subfield>
            <subfield code="2">nebis ER</subfield>
         </datafield>
         <datafield tag="710" ind1="2" ind2=" ">
            <subfield code="a">Nordostschweizerische Kraftwerke</subfield>
            <subfield code="0">(DE-588)275608-0</subfield>
         </datafield>
         <datafield tag="909" ind1=" " ind2="7">
            <subfield code="a">SPIdummy</subfield>
            <subfield code="2">nebis ER</subfield>
         </datafield>
         <datafield tag="909" ind1=" " ind2="7">
            <subfield code="a">MedeaZBZ</subfield>
            <subfield code="b">SWK</subfield>
            <subfield code="2">idszbz ZR</subfield>
         </datafield>
         <datafield tag="909" ind1=" " ind2="7">
            <subfield code="f">medea</subfield>
            <subfield code="2">idsuzh U2</subfield>
         </datafield>
         <datafield tag="912" ind1=" " ind2="7">
            <subfield code="a">wi</subfield>
            <subfield code="2">SzZuIDS BS/BE</subfield>
         </datafield>
         <datafield tag="950" ind1=" " ind2=" ">
            <subfield code="B">IDSBB</subfield>
            <subfield code="P">100</subfield>
            <subfield code="E">1-</subfield>
            <subfield code="a">Saitzew</subfield>
            <subfield code="D">Manuel</subfield>
         </datafield>
         <datafield tag="950" ind1=" " ind2=" ">
            <subfield code="B">IDSBB</subfield>
            <subfield code="P">710</subfield>
            <subfield code="E">2-</subfield>
            <subfield code="a">Nordostschweizerische Kraftwerke</subfield>
            <subfield code="0">(DE-588)275608-0</subfield>
         </datafield>
         <datafield tag="950" ind1=" " ind2=" ">
            <subfield code="B">IDSSG</subfield>
            <subfield code="P">100</subfield>
            <subfield code="E">1-</subfield>
            <subfield code="a">Saitzew</subfield>
            <subfield code="D">Manuel</subfield>
            <subfield code="e">Verfasser</subfield>
            <subfield code="4">aut</subfield>
         </datafield>
         <datafield tag="950" ind1=" " ind2=" ">
            <subfield code="B">IDSSG</subfield>
            <subfield code="P">710</subfield>
            <subfield code="E">2-</subfield>
            <subfield code="a">Nordostschweizerische Kraftwerke</subfield>
            <subfield code="0">(DE-588)275608-0</subfield>
         </datafield>
         <datafield tag="950" ind1=" " ind2=" ">
            <subfield code="B">NEBIS</subfield>
            <subfield code="P">100</subfield>
            <subfield code="E">1-</subfield>
            <subfield code="a">Saitzew</subfield>
            <subfield code="D">Manuel</subfield>
            <subfield code="d">1885-1951</subfield>
            <subfield code="0">(DE-588)101277962</subfield>
         </datafield>
         <datafield tag="986" ind1=" " ind2=" ">
            <subfield code="a">ORANGE</subfield>
            <subfield code="b">291222455</subfield>
         </datafield>
         <datafield tag="986" ind1=" " ind2=" ">
            <subfield code="a">SWISSBIB</subfield>
            <subfield code="b">248136267</subfield>
         </datafield>
         <datafield tag="898" ind1=" " ind2=" ">
            <subfield code="a">BK020000</subfield>
            <subfield code="b">XK020000</subfield>
            <subfield code="c">XK020000</subfield>
         </datafield>
         <datafield tag="949" ind1=" " ind2=" ">
            <subfield code="B">NEBIS</subfield>
            <subfield code="F">E16</subfield>
            <subfield code="b">E16</subfield>
            <subfield code="c">K5</subfield>
            <subfield code="j">9 CONV 66</subfield>
         </datafield>
         <datafield tag="949" ind1=" " ind2=" ">
            <subfield code="B">NEBIS</subfield>
            <subfield code="F">E95</subfield>
            <subfield code="b">E95</subfield>
            <subfield code="j">EG-00058-BR</subfield>
         </datafield>
         <datafield tag="949" ind1=" " ind2=" ">
            <subfield code="B">NEBIS</subfield>
            <subfield code="F">UECON</subfield>
            <subfield code="b">UECON</subfield>
            <subfield code="c">ULMZN</subfield>
            <subfield code="j">SOS F 0231</subfield>
         </datafield>
         <datafield tag="949" ind1=" " ind2=" ">
            <subfield code="B">NEBIS</subfield>
            <subfield code="F">Z01</subfield>
            <subfield code="b">Z01</subfield>
            <subfield code="c">05</subfield>
            <subfield code="j">DC 4820</subfield>
         </datafield>
         <datafield tag="949" ind1=" " ind2=" ">
            <subfield code="B">NEBIS</subfield>
            <subfield code="F">Z01</subfield>
            <subfield code="b">Z01</subfield>
            <subfield code="c">06</subfield>
            <subfield code="j">Saitzew A 21</subfield>
         </datafield>
         <datafield tag="949" ind1=" " ind2=" ">
            <subfield code="B">IDSBB</subfield>
            <subfield code="F">A125</subfield>
            <subfield code="b">A125</subfield>
            <subfield code="c">125ST</subfield>
            <subfield code="j">SWA H + I Bi 508 (Bro)</subfield>
            <subfield code="x">Akz: ba/uswa/g</subfield>
         </datafield>
         <datafield tag="949" ind1=" " ind2=" ">
            <subfield code="B">IDSSG</subfield>
            <subfield code="F">HIFF</subfield>
            <subfield code="b">HIFF</subfield>
            <subfield code="c">IFF</subfield>
            <subfield code="j">PE 0437</subfield>
         </datafield>
      <datafield tag="690" ind1="H" ind2="D">
            <subfield code="8">PE</subfield>
            <subfield code="a">Einkommen- und Vermögensteuern, Ertrag- und Kapitalsteuern : Einkommen Selbständigerwerbender, Unternehmungsbesteuerung</subfield>
            <subfield code="2">HSG-IFF</subfield>
        </datafield></record>