<record xmlns:xs="http://www.w3.org/2001/XMLSchema">
         <leader>     nam a22     4  4500</leader>
         <controlfield tag="001">566994178</controlfield>
         <controlfield tag="003">CHVBK</controlfield>
         <controlfield tag="005">20190608095915.0</controlfield>
         <controlfield tag="008">190608s1970    xr            00    eng  </controlfield>
         <datafield tag="035" ind1=" " ind2=" ">
            <subfield code="a">(IDSBB)004177495</subfield>
         </datafield>
         <datafield tag="035" ind1=" " ind2=" ">
            <subfield code="a">(IDSSG)000996426</subfield>
         </datafield>
         <datafield tag="035" ind1=" " ind2=" ">
            <subfield code="a">(OCoLC)255056519</subfield>
         </datafield>
         <datafield tag="035" ind1=" " ind2=" ">
            <subfield code="a">(IDSBB)004177495</subfield>
         </datafield>
         <datafield tag="040" ind1=" " ind2=" ">
            <subfield code="a">SzZuIDS BS/BE A125</subfield>
            <subfield code="e">kids</subfield>
         </datafield>
         <datafield tag="082" ind1="1" ind2=" ">
            <subfield code="a">320</subfield>
            <subfield code="2">15</subfield>
         </datafield>
         <datafield tag="100" ind1="1" ind2=" ">
            <subfield code="a">Ruttkay</subfield>
            <subfield code="D">Fraňo</subfield>
         </datafield>
         <datafield tag="245" ind1="1" ind2="4">
            <subfield code="a">The First Credit Co-operative Society in Europe</subfield>
            <subfield code="c">[F. Ruttkay ; Central Co-operative Council, Prague]</subfield>
         </datafield>
         <datafield tag="264" ind1=" " ind2="1">
            <subfield code="a">Praha</subfield>
            <subfield code="b">Svepomoc</subfield>
            <subfield code="c">1970</subfield>
         </datafield>
         <datafield tag="300" ind1=" " ind2=" ">
            <subfield code="a">49 p.</subfield>
            <subfield code="b">ill.</subfield>
         </datafield>
         <datafield tag="690" ind1=" " ind2="7">
            <subfield code="B">u</subfield>
            <subfield code="u">YR</subfield>
            <subfield code="a">Wirtschaftswissenschaften : Gewerbepolitik. Einzelne Wirtschaftszweige</subfield>
            <subfield code="2">idssg HD</subfield>
         </datafield>
         <datafield tag="710" ind1="2" ind2=" ">
            <subfield code="a">Ústřední Rada Družstev</subfield>
            <subfield code="0">(DE-588)2025016-2</subfield>
         </datafield>
         <datafield tag="912" ind1=" " ind2="7">
            <subfield code="a">po</subfield>
            <subfield code="2">SzZuIDS BS/BE</subfield>
         </datafield>
         <datafield tag="950" ind1=" " ind2=" ">
            <subfield code="B">IDSBB</subfield>
            <subfield code="P">100</subfield>
            <subfield code="E">1-</subfield>
            <subfield code="a">Ruttkay</subfield>
            <subfield code="D">Fraňo</subfield>
         </datafield>
         <datafield tag="950" ind1=" " ind2=" ">
            <subfield code="B">IDSBB</subfield>
            <subfield code="P">710</subfield>
            <subfield code="E">2-</subfield>
            <subfield code="a">Ústřední Rada Družstev</subfield>
            <subfield code="0">(DE-588)2025016-2</subfield>
         </datafield>
         <datafield tag="950" ind1=" " ind2=" ">
            <subfield code="B">IDSSG</subfield>
            <subfield code="P">100</subfield>
            <subfield code="E">1-</subfield>
            <subfield code="a">Ruttkay</subfield>
            <subfield code="D">Fraňo</subfield>
            <subfield code="e">Verfasser</subfield>
            <subfield code="4">aut</subfield>
         </datafield>
         <datafield tag="950" ind1=" " ind2=" ">
            <subfield code="B">IDSSG</subfield>
            <subfield code="P">710</subfield>
            <subfield code="E">2-</subfield>
            <subfield code="a">Ústřední Rada Družstev</subfield>
            <subfield code="0">(DE-588)2025016-2</subfield>
         </datafield>
         <datafield tag="898" ind1=" " ind2=" ">
            <subfield code="a">BK020000</subfield>
            <subfield code="b">XK020000</subfield>
            <subfield code="c">XK020000</subfield>
         </datafield>
         <datafield tag="949" ind1=" " ind2=" ">
            <subfield code="B">IDSBB</subfield>
            <subfield code="F">A125</subfield>
            <subfield code="b">A125</subfield>
            <subfield code="c">125ST</subfield>
            <subfield code="j">SWA H + I C 1071 (Bro)</subfield>
         </datafield>
         <datafield tag="949" ind1=" " ind2=" ">
            <subfield code="B">IDSSG</subfield>
            <subfield code="F">HIFF</subfield>
            <subfield code="b">HIFF</subfield>
            <subfield code="c">SEP</subfield>
            <subfield code="j">AK Sep. 423</subfield>
         </datafield>
      <datafield tag="690" ind1="H" ind2="D">
            <subfield code="8">YR</subfield>
            <subfield code="a">Wirtschaftswissenschaften : Gewerbepolitik. Einzelne Wirtschaftszweige</subfield>
            <subfield code="2">HSG-IFF</subfield>
        </datafield></record>