<record xmlns:xs="http://www.w3.org/2001/XMLSchema">
         <leader>     nam a22     1  4500</leader>
         <controlfield tag="001">567005356</controlfield>
         <controlfield tag="003">CHVBK</controlfield>
         <controlfield tag="005">20190608105451.0</controlfield>
         <controlfield tag="008">190608s1987    sz           s00    ger d</controlfield>
         <datafield tag="020" ind1=" " ind2=" ">
            <subfield code="a">3-7255-2541-2</subfield>
            <subfield code="q">(geb.)</subfield>
         </datafield>
         <datafield tag="020" ind1=" " ind2=" ">
            <subfield code="a">3-7255-2542-0</subfield>
            <subfield code="q">(geb.)</subfield>
         </datafield>
         <datafield tag="035" ind1=" " ind2=" ">
            <subfield code="a">(SNL)991004395379703976</subfield>
         </datafield>
         <datafield tag="035" ind1=" " ind2=" ">
            <subfield code="a">(IDSSG)000004650</subfield>
         </datafield>
         <datafield tag="035" ind1=" " ind2=" ">
            <subfield code="a">(Sz)620652-41snl_51</subfield>
         </datafield>
         <datafield tag="035" ind1=" " ind2=" ">
            <subfield code="a">(Sz)vtls000620652</subfield>
         </datafield>
         <datafield tag="035" ind1=" " ind2=" ">
            <subfield code="a">(Sz)000620652</subfield>
         </datafield>
         <datafield tag="035" ind1=" " ind2=" ">
            <subfield code="a">(SNL)991004395379703976</subfield>
         </datafield>
         <datafield tag="040" ind1=" " ind2=" ">
            <subfield code="a">Sz</subfield>
            <subfield code="c">SAZ</subfield>
         </datafield>
         <datafield tag="110" ind1="2" ind2=" ">
            <subfield code="a">Kanton Zürich</subfield>
            <subfield code="0">(DE-588)4068041-1</subfield>
         </datafield>
         <datafield tag="240" ind1="1" ind2="0">
            <subfield code="a">Gesetze und Verordnungen</subfield>
            <subfield code="l">deutsch</subfield>
            <subfield code="f">1987</subfield>
         </datafield>
         <datafield tag="245" ind1="1" ind2="0">
            <subfield code="a">Zürcher Steuergesetze</subfield>
            <subfield code="b">Textausgabe</subfield>
            <subfield code="c">von Ferdinand Zuppinger</subfield>
         </datafield>
         <datafield tag="246" ind1="1" ind2="6">
            <subfield code="a">Direkte Steuern</subfield>
         </datafield>
         <datafield tag="246" ind1="1" ind2="6">
            <subfield code="a">Schenkungs- und Erbschaftssteuer</subfield>
         </datafield>
         <datafield tag="260" ind1=" " ind2=" ">
            <subfield code="a">Zürich</subfield>
            <subfield code="b">Schulthess</subfield>
            <subfield code="c">1987.</subfield>
         </datafield>
         <datafield tag="300" ind1=" " ind2=" ">
            <subfield code="a">2 Bde.</subfield>
            <subfield code="c">23 cm.</subfield>
         </datafield>
         <datafield tag="505" ind1="0" ind2=" ">
            <subfield code="a">Bd. 1: Gesetz über direkten Steuern vom 8. Juli 1951, mit einer Einführung in die direkten Steuern. 3., überarb. Aufl. - 569 S. Umschlagtitel: Direkte Steuern.</subfield>
         </datafield>
         <datafield tag="505" ind1="0" ind2=" ">
            <subfield code="a">Bd. 2: Gesetz über die Erbschafts- und Schenkungssteuer vom 28. September 1986, mit einer Einführung in das Erbschafts- und Schenkungssteuerrecht. 2., überarb. Aufl. - 247 S. Umschlagtitel: Schenkungs und Erbschaftssteuer.</subfield>
         </datafield>
         <datafield tag="610" ind1="1" ind2="7">
            <subfield code="a">Kanton Zürich</subfield>
            <subfield code="t">Gesetz über die direkten Steuern</subfield>
            <subfield code="0">(DE-588)4140779-9</subfield>
            <subfield code="2">gnd</subfield>
         </datafield>
         <datafield tag="610" ind1="1" ind2="7">
            <subfield code="a">Kanton Zürich</subfield>
            <subfield code="t">Erbschafts- und Schenkungssteuergesetz</subfield>
            <subfield code="0">(DE-588)4140875-5</subfield>
            <subfield code="2">gnd</subfield>
         </datafield>
         <datafield tag="650" ind1=" " ind2="0">
            <subfield code="a">Taxation</subfield>
            <subfield code="x">Law and legislation</subfield>
            <subfield code="z">Switzerland</subfield>
            <subfield code="z">Zurich (Canton)</subfield>
         </datafield>
         <datafield tag="690" ind1=" " ind2="7">
            <subfield code="B">u</subfield>
            <subfield code="u">HA</subfield>
            <subfield code="a">Schweizerische Steuer-Gesetzgebung und -Judikatur : Steuergesetzgebung (Bund, einzelne Kantone)</subfield>
            <subfield code="2">idssg HD</subfield>
         </datafield>
         <datafield tag="700" ind1="1" ind2=" ">
            <subfield code="a">Zuppinger</subfield>
            <subfield code="D">Ferdinand</subfield>
         </datafield>
         <datafield tag="710" ind1="1" ind2=" ">
            <subfield code="a">Kanton Zürich</subfield>
            <subfield code="t">Gesetz über die direkten Steuern vom 8. Juli 1951, mit einer Einführung in die direkten Steuern</subfield>
         </datafield>
         <datafield tag="710" ind1="1" ind2=" ">
            <subfield code="a">Kanton Zürich</subfield>
            <subfield code="t">Gesetz über die Erbschafts- und Schenkungssteuer vom 28. September 1986, mit einer Einführung in das Erbschafts- und Schenkungssteuerrecht</subfield>
         </datafield>
         <datafield tag="950" ind1=" " ind2=" ">
            <subfield code="B">SNL</subfield>
            <subfield code="P">110</subfield>
            <subfield code="E">2-</subfield>
            <subfield code="a">Kanton Zürich</subfield>
            <subfield code="0">(DE-588)4068041-1</subfield>
         </datafield>
         <datafield tag="950" ind1=" " ind2=" ">
            <subfield code="B">SNL</subfield>
            <subfield code="P">240</subfield>
            <subfield code="E">1-</subfield>
            <subfield code="a">Gesetze und Verordnungen</subfield>
            <subfield code="l">deutsch</subfield>
            <subfield code="f">1987</subfield>
         </datafield>
         <datafield tag="950" ind1=" " ind2=" ">
            <subfield code="B">SNL</subfield>
            <subfield code="P">700</subfield>
            <subfield code="E">1-</subfield>
            <subfield code="a">Zuppinger</subfield>
            <subfield code="D">Ferdinand</subfield>
         </datafield>
         <datafield tag="950" ind1=" " ind2=" ">
            <subfield code="B">SNL</subfield>
            <subfield code="P">710</subfield>
            <subfield code="E">1-</subfield>
            <subfield code="a">Kanton Zürich</subfield>
            <subfield code="t">Gesetz über die direkten Steuern vom 8. Juli 1951, mit einer Einführung in die direkten Steuern</subfield>
         </datafield>
         <datafield tag="950" ind1=" " ind2=" ">
            <subfield code="B">SNL</subfield>
            <subfield code="P">710</subfield>
            <subfield code="E">1-</subfield>
            <subfield code="a">Kanton Zürich</subfield>
            <subfield code="t">Gesetz über die Erbschafts- und Schenkungssteuer vom 28. September 1986, mit einer Einführung in das Erbschafts- und Schenkungssteuerrecht</subfield>
         </datafield>
         <datafield tag="950" ind1=" " ind2=" ">
            <subfield code="B">IDSSG</subfield>
            <subfield code="P">110</subfield>
            <subfield code="E">2-</subfield>
            <subfield code="a">Kanton Zürich</subfield>
            <subfield code="0">(DE-588)4068041-1</subfield>
         </datafield>
         <datafield tag="950" ind1=" " ind2=" ">
            <subfield code="B">IDSSG</subfield>
            <subfield code="P">240</subfield>
            <subfield code="E">1-</subfield>
            <subfield code="a">Gesetze und Verordnungen</subfield>
            <subfield code="l">deutsch</subfield>
            <subfield code="f">1987</subfield>
         </datafield>
         <datafield tag="950" ind1=" " ind2=" ">
            <subfield code="B">IDSSG</subfield>
            <subfield code="P">700</subfield>
            <subfield code="E">1-</subfield>
            <subfield code="a">Zuppinger</subfield>
            <subfield code="D">Ferdinand</subfield>
         </datafield>
         <datafield tag="950" ind1=" " ind2=" ">
            <subfield code="B">IDSSG</subfield>
            <subfield code="P">710</subfield>
            <subfield code="E">1-</subfield>
            <subfield code="a">Kanton Zürich</subfield>
            <subfield code="t">Gesetz über die direkten Steuern vom 8. Juli 1951, mit einer Einführung in die direkten Steuern</subfield>
         </datafield>
         <datafield tag="950" ind1=" " ind2=" ">
            <subfield code="B">IDSSG</subfield>
            <subfield code="P">710</subfield>
            <subfield code="E">1-</subfield>
            <subfield code="a">Kanton Zürich</subfield>
            <subfield code="t">Gesetz über die Erbschafts- und Schenkungssteuer vom 28. September 1986, mit einer Einführung in das Erbschafts- und Schenkungssteuerrecht</subfield>
         </datafield>
         <datafield tag="986" ind1=" " ind2=" ">
            <subfield code="a">SWISSBIB</subfield>
            <subfield code="b">021593337</subfield>
         </datafield>
         <datafield tag="986" ind1=" " ind2=" ">
            <subfield code="a">ORANGE</subfield>
            <subfield code="b">072691301</subfield>
         </datafield>
         <datafield tag="898" ind1=" " ind2=" ">
            <subfield code="a">BK020000</subfield>
            <subfield code="b">XK020000</subfield>
            <subfield code="c">XK020000</subfield>
         </datafield>
         <datafield tag="949" ind1=" " ind2=" ">
            <subfield code="B">SNL</subfield>
            <subfield code="F">NB001</subfield>
            <subfield code="b">NB001</subfield>
            <subfield code="j">N 184037</subfield>
            <subfield code="c">NB10010</subfield>
         </datafield>
         <datafield tag="949" ind1=" " ind2=" ">
            <subfield code="B">IDSSG</subfield>
            <subfield code="F">HSG</subfield>
            <subfield code="b">SGSBI</subfield>
            <subfield code="c">BURON</subfield>
            <subfield code="j">PP 2800 Z95 -2(2)</subfield>
         </datafield>
         <datafield tag="949" ind1=" " ind2=" ">
            <subfield code="B">IDSSG</subfield>
            <subfield code="F">HIFF</subfield>
            <subfield code="b">HIFF</subfield>
            <subfield code="c">IFF</subfield>
            <subfield code="j">HA 201 7.2</subfield>
         </datafield>
      <datafield tag="690" ind1="H" ind2="D">
            <subfield code="8">HA</subfield>
            <subfield code="a">Schweizerische Steuer-Gesetzgebung und -Judikatur : Steuergesetzgebung (Bund, einzelne Kantone)</subfield>
            <subfield code="2">HSG-IFF</subfield>
        </datafield></record>