<record xmlns:xs="http://www.w3.org/2001/XMLSchema">
         <leader>     cam a22     4  4500</leader>
         <controlfield tag="001">173922260</controlfield>
         <controlfield tag="003">CHVBK</controlfield>
         <controlfield tag="005">20190309061047.0</controlfield>
         <controlfield tag="008">981202s1985    gw       |||| 000 0 ger|d</controlfield>
         <datafield tag="020" ind1=" " ind2=" ">
            <subfield code="a">3-7875-4215-9</subfield>
         </datafield>
         <datafield tag="020" ind1=" " ind2=" ">
            <subfield code="a">978-3-7875-4215-4</subfield>
         </datafield>
         <datafield tag="035" ind1=" " ind2=" ">
            <subfield code="a">(OCoLC)158846999</subfield>
         </datafield>
         <datafield tag="035" ind1=" " ind2=" ">
            <subfield code="a">(NEBIS)006436772</subfield>
         </datafield>
         <datafield tag="035" ind1=" " ind2=" ">
            <subfield code="a">(OCoLC)158846999</subfield>
            <subfield code="z">(OCoLC)311621407</subfield>
         </datafield>
         <datafield tag="040" ind1=" " ind2=" ">
            <subfield code="a">GEBAY</subfield>
            <subfield code="d">SzZuIDS NEBIS UNI-RWI</subfield>
         </datafield>
         <datafield tag="100" ind1="1" ind2=" ">
            <subfield code="a">Milbach</subfield>
            <subfield code="D">Frank</subfield>
         </datafield>
         <datafield tag="245" ind1="1" ind2="4">
            <subfield code="a">Die einheitliche Besteuerung von internationalen Unternehmen in den USA</subfield>
            <subfield code="b">Unitary Taxation in Kalifornien und der anderen US-Bundesstaaten</subfield>
            <subfield code="c">von Frank Milbach</subfield>
         </datafield>
         <datafield tag="260" ind1=" " ind2=" ">
            <subfield code="a">Frankfurt am Main</subfield>
            <subfield code="b">Metzner</subfield>
            <subfield code="c">1985</subfield>
         </datafield>
         <datafield tag="300" ind1=" " ind2=" ">
            <subfield code="a">124 S.</subfield>
            <subfield code="b">Ill.</subfield>
         </datafield>
         <datafield tag="490" ind1="0" ind2=" ">
            <subfield code="a">International finance management</subfield>
            <subfield code="v">Band 11</subfield>
            <subfield code="i">11</subfield>
            <subfield code="w">(NEBIS)001385585</subfield>
            <subfield code="9">260436577</subfield>
         </datafield>
         <datafield tag="650" ind1=" " ind2="7">
            <subfield code="a">Steuerrecht</subfield>
            <subfield code="0">(DE-588)4116614-0</subfield>
            <subfield code="2">gnd</subfield>
         </datafield>
         <datafield tag="650" ind1=" " ind2="7">
            <subfield code="a">Multinationales Unternehmen</subfield>
            <subfield code="0">(DE-588)4075092-9</subfield>
            <subfield code="2">gnd</subfield>
         </datafield>
         <datafield tag="651" ind1=" " ind2="7">
            <subfield code="a">USA</subfield>
            <subfield code="0">(DE-588)4078704-7</subfield>
            <subfield code="2">gnd</subfield>
         </datafield>
         <datafield tag="909" ind1=" " ind2="7">
            <subfield code="a">rwimon201105p</subfield>
            <subfield code="c">stei 110506</subfield>
            <subfield code="2">idszbz Z2</subfield>
         </datafield>
         <datafield tag="950" ind1=" " ind2=" ">
            <subfield code="B">NEBIS</subfield>
            <subfield code="P">100</subfield>
            <subfield code="E">1-</subfield>
            <subfield code="a">Milbach</subfield>
            <subfield code="D">Frank</subfield>
         </datafield>
         <datafield tag="950" ind1=" " ind2=" ">
            <subfield code="B">NEBIS</subfield>
            <subfield code="P">490</subfield>
            <subfield code="E">--</subfield>
            <subfield code="a">International finance management</subfield>
            <subfield code="v">Band 11</subfield>
            <subfield code="i">11</subfield>
            <subfield code="w">(NEBIS)001385585</subfield>
            <subfield code="9">260436577</subfield>
         </datafield>
         <datafield tag="986" ind1=" " ind2=" ">
            <subfield code="a">SWISSBIB</subfield>
            <subfield code="b">173922260</subfield>
         </datafield>
         <datafield tag="898" ind1=" " ind2=" ">
            <subfield code="a">BK020000</subfield>
            <subfield code="b">XK020000</subfield>
            <subfield code="c">XK020000</subfield>
         </datafield>
         <datafield tag="949" ind1=" " ind2=" ">
            <subfield code="B">NEBIS</subfield>
            <subfield code="F">Z16</subfield>
            <subfield code="b">Z16</subfield>
            <subfield code="c">Z1601</subfield>
            <subfield code="j">Lyy 11 : 11</subfield>
         </datafield>
      <datafield tag="690" ind1="H" ind2="D">
            <subfield code="8">LC</subfield>
            <subfield code="a">Interkantonales/Internationales Steuerrecht : Internationales Steuerrecht</subfield>
            <subfield code="2">HSG-IFF</subfield>
        </datafield></record>