<record xmlns:xs="http://www.w3.org/2001/XMLSchema">
         <leader>     cam a22     1  4500</leader>
         <controlfield tag="001">298924463</controlfield>
         <controlfield tag="003">CHVBK</controlfield>
         <controlfield tag="005">20190608093004.0</controlfield>
         <controlfield tag="008">131021s1983    sz            10    ger d</controlfield>
         <datafield tag="035" ind1=" " ind2=" ">
            <subfield code="a">(SNL)991005706869703976</subfield>
         </datafield>
         <datafield tag="035" ind1=" " ind2=" ">
            <subfield code="a">(IDSSG)000997425</subfield>
         </datafield>
         <datafield tag="035" ind1=" " ind2=" ">
            <subfield code="a">(ALEX)991256294101791</subfield>
         </datafield>
         <datafield tag="035" ind1=" " ind2=" ">
            <subfield code="a">(IDSLU)000008647</subfield>
         </datafield>
         <datafield tag="035" ind1=" " ind2=" ">
            <subfield code="a">(Sz)160452-41snl_51</subfield>
         </datafield>
         <datafield tag="035" ind1=" " ind2=" ">
            <subfield code="a">(Sz)vtls000160452</subfield>
         </datafield>
         <datafield tag="035" ind1=" " ind2=" ">
            <subfield code="a">(Sz)000160452</subfield>
         </datafield>
         <datafield tag="035" ind1=" " ind2=" ">
            <subfield code="a">(SNL)991005706869703976</subfield>
         </datafield>
         <datafield tag="035" ind1=" " ind2=" ">
            <subfield code="a">(ALEX)991256294101791</subfield>
         </datafield>
         <datafield tag="035" ind1=" " ind2=" ">
            <subfield code="a">(IDSLU)000008647</subfield>
         </datafield>
         <datafield tag="040" ind1=" " ind2=" ">
            <subfield code="a">Sz</subfield>
            <subfield code="c">SAZ</subfield>
         </datafield>
         <datafield tag="245" ind1="0" ind2="4">
            <subfield code="a">Die Besteuerung der Eigenmietwerte</subfield>
            <subfield code="b">Protokoll der Arbeitstagung für die Schweizer Presse vom 31.10.83 in Bern</subfield>
            <subfield code="c">organisiert vom Pressekomitee für Fiskalfragen in Zusarb. mit der Interkantonalen Kommission für Steueraufklärung = L'Imposition de la valeur locative : procès-verbal de la séance de travail à l'intention de la presse suisse, du 31.10.83, à Berne / organisée par le Comité de presse pour les questions fiscales en collab. avec la Commission intercantonale d'information fiscale</subfield>
         </datafield>
         <datafield tag="246" ind1="3" ind2="1">
            <subfield code="a">Imposition de la valeur locative</subfield>
            <subfield code="b">Procès-verbal de la Séance de travail à l'intention de la presse suisse, du 31.10.83, à Berne</subfield>
         </datafield>
         <datafield tag="246" ind1="1" ind2=" ">
            <subfield code="a">L'imposition de la valeur locative</subfield>
         </datafield>
         <datafield tag="260" ind1=" " ind2=" ">
            <subfield code="a">Bern</subfield>
            <subfield code="b">Informationsstelle für Steuerfragen</subfield>
            <subfield code="c">[1983].</subfield>
         </datafield>
         <datafield tag="300" ind1=" " ind2=" ">
            <subfield code="a">88 S.</subfield>
            <subfield code="c">21 cm.</subfield>
         </datafield>
         <datafield tag="583" ind1=" " ind2=" ">
            <subfield code="8">1900110861</subfield>
            <subfield code="a">dea</subfield>
            <subfield code="i">ps</subfield>
            <subfield code="c">NB092-2002</subfield>
            <subfield code="l">nt</subfield>
         </datafield>
         <datafield tag="690" ind1=" " ind2="7">
            <subfield code="B">u</subfield>
            <subfield code="u">PF</subfield>
            <subfield code="a">Einkommen- und Vermögensteuern, Ertrag- und Kapitalsteuern : Vermögensertrag</subfield>
            <subfield code="2">idssg HD</subfield>
         </datafield>
         <datafield tag="690" ind1=" " ind2="7">
            <subfield code="B">s</subfield>
            <subfield code="a">Eigenmietwertbesteuerung</subfield>
            <subfield code="2">alex helvetosaurus</subfield>
         </datafield>
         <datafield tag="690" ind1=" " ind2="7">
            <subfield code="B">g</subfield>
            <subfield code="a">Schweiz</subfield>
            <subfield code="2">alex helvetosaurus</subfield>
         </datafield>
         <datafield tag="690" ind1=" " ind2="7">
            <subfield code="B">u</subfield>
            <subfield code="a">Eigenmietwert, B: Besteuerung. Schweiz</subfield>
            <subfield code="2">idslu L1</subfield>
         </datafield>
         <datafield tag="690" ind1=" " ind2="7">
            <subfield code="B">u</subfield>
            <subfield code="a">Steuerrecht. Schweiz, B: Eigenmietwertbesteuerung</subfield>
            <subfield code="2">idslu L1</subfield>
         </datafield>
         <datafield tag="690" ind1=" " ind2="7">
            <subfield code="B">u</subfield>
            <subfield code="a">Steuern. Schweiz, B: Eigenmietwertbesteuerung</subfield>
            <subfield code="2">idslu L1</subfield>
         </datafield>
         <datafield tag="691" ind1=" " ind2="7">
            <subfield code="B">u</subfield>
            <subfield code="u">PC 54.1 CH</subfield>
            <subfield code="2">idslu L1</subfield>
         </datafield>
         <datafield tag="710" ind1="2" ind2=" ">
            <subfield code="a">Interkantonale Kommission für Steueraufklärung</subfield>
         </datafield>
         <datafield tag="710" ind1="2" ind2=" ">
            <subfield code="a">Interkantonale Kommission für Steueraufklärung</subfield>
            <subfield code="b">Informationsstelle für Steuerfragen</subfield>
         </datafield>
         <datafield tag="710" ind1="2" ind2=" ">
            <subfield code="a">Pressekomitee für Fiskalfragen</subfield>
         </datafield>
         <datafield tag="711" ind1="2" ind2=" ">
            <subfield code="a">Kongress</subfield>
            <subfield code="d">(1983</subfield>
            <subfield code="c">Bern, BE)</subfield>
         </datafield>
         <datafield tag="912" ind1=" " ind2="7">
            <subfield code="a">820</subfield>
            <subfield code="2">IDS LU</subfield>
         </datafield>
         <datafield tag="950" ind1=" " ind2=" ">
            <subfield code="B">SNL</subfield>
            <subfield code="P">710</subfield>
            <subfield code="E">2-</subfield>
            <subfield code="a">Interkantonale Kommission für Steueraufklärung</subfield>
         </datafield>
         <datafield tag="950" ind1=" " ind2=" ">
            <subfield code="B">SNL</subfield>
            <subfield code="P">710</subfield>
            <subfield code="E">2-</subfield>
            <subfield code="a">Interkantonale Kommission für Steueraufklärung</subfield>
            <subfield code="b">Informationsstelle für Steuerfragen</subfield>
         </datafield>
         <datafield tag="950" ind1=" " ind2=" ">
            <subfield code="B">SNL</subfield>
            <subfield code="P">710</subfield>
            <subfield code="E">2-</subfield>
            <subfield code="a">Pressekomitee für Fiskalfragen</subfield>
         </datafield>
         <datafield tag="950" ind1=" " ind2=" ">
            <subfield code="B">SNL</subfield>
            <subfield code="P">711</subfield>
            <subfield code="E">2-</subfield>
            <subfield code="a">Kongress</subfield>
            <subfield code="d">(1983</subfield>
            <subfield code="c">Bern, BE)</subfield>
         </datafield>
         <datafield tag="950" ind1=" " ind2=" ">
            <subfield code="B">IDSSG</subfield>
            <subfield code="P">710</subfield>
            <subfield code="E">2-</subfield>
            <subfield code="a">Interkantonale Kommission für Steueraufklärung</subfield>
         </datafield>
         <datafield tag="950" ind1=" " ind2=" ">
            <subfield code="B">IDSSG</subfield>
            <subfield code="P">710</subfield>
            <subfield code="E">2-</subfield>
            <subfield code="a">Interkantonale Kommission für Steueraufklärung</subfield>
            <subfield code="b">Informationsstelle für Steuerfragen</subfield>
         </datafield>
         <datafield tag="950" ind1=" " ind2=" ">
            <subfield code="B">IDSSG</subfield>
            <subfield code="P">710</subfield>
            <subfield code="E">2-</subfield>
            <subfield code="a">Pressekomitee für Fiskalfragen</subfield>
         </datafield>
         <datafield tag="950" ind1=" " ind2=" ">
            <subfield code="B">IDSSG</subfield>
            <subfield code="P">711</subfield>
            <subfield code="E">2-</subfield>
            <subfield code="a">Kongress</subfield>
            <subfield code="d">(1983</subfield>
            <subfield code="c">Bern, BE)</subfield>
         </datafield>
         <datafield tag="950" ind1=" " ind2=" ">
            <subfield code="B">ALEX</subfield>
            <subfield code="P">710</subfield>
            <subfield code="E">2-</subfield>
            <subfield code="a">Informationsstelle für Steuerfragen (Bern)</subfield>
         </datafield>
         <datafield tag="950" ind1=" " ind2=" ">
            <subfield code="B">ALEX</subfield>
            <subfield code="P">710</subfield>
            <subfield code="E">2-</subfield>
            <subfield code="a">Pressekomitee für Fiskalfragen</subfield>
            <subfield code="b">Arbeitstagung</subfield>
            <subfield code="d">(1983</subfield>
            <subfield code="c">Bern, BE)</subfield>
         </datafield>
         <datafield tag="950" ind1=" " ind2=" ">
            <subfield code="B">ALEX</subfield>
            <subfield code="P">710</subfield>
            <subfield code="E">2-</subfield>
            <subfield code="a">Interkantonale Kommission für Steueraufklärung. -</subfield>
            <subfield code="t">Imposition de la valeur locative</subfield>
         </datafield>
         <datafield tag="950" ind1=" " ind2=" ">
            <subfield code="B">ALEX</subfield>
            <subfield code="P">710</subfield>
            <subfield code="E">2-</subfield>
            <subfield code="a">Interkantonale Kommission für Steueraufklärung</subfield>
         </datafield>
         <datafield tag="950" ind1=" " ind2=" ">
            <subfield code="B">ALEX</subfield>
            <subfield code="P">711</subfield>
            <subfield code="E">2-</subfield>
            <subfield code="a">Kongress</subfield>
            <subfield code="d">(1983</subfield>
            <subfield code="c">Bern, BE)</subfield>
         </datafield>
         <datafield tag="950" ind1=" " ind2=" ">
            <subfield code="B">IDSLU</subfield>
            <subfield code="P">710</subfield>
            <subfield code="E">2-</subfield>
            <subfield code="a">Pressekomitee für Fiskalfragen</subfield>
         </datafield>
         <datafield tag="898" ind1=" " ind2=" ">
            <subfield code="a">BK020800</subfield>
            <subfield code="b">XK020000</subfield>
            <subfield code="c">XK020000</subfield>
         </datafield>
         <datafield tag="898" ind1=" " ind2=" ">
            <subfield code="a">BK020000</subfield>
            <subfield code="b">XK020000</subfield>
            <subfield code="c">XK020000</subfield>
         </datafield>
         <datafield tag="949" ind1=" " ind2=" ">
            <subfield code="B">SNL</subfield>
            <subfield code="F">NB001</subfield>
            <subfield code="b">NB001</subfield>
            <subfield code="j">Nb 35434</subfield>
            <subfield code="c">NB10010</subfield>
         </datafield>
         <datafield tag="949" ind1=" " ind2=" ">
            <subfield code="B">IDSLU</subfield>
            <subfield code="F">LUZHB</subfield>
            <subfield code="b">LUSBI</subfield>
            <subfield code="c">SBIZB</subfield>
            <subfield code="j">PC 54.1 CH .e BEEI 1983</subfield>
         </datafield>
         <datafield tag="949" ind1=" " ind2=" ">
            <subfield code="B">IDSSG</subfield>
            <subfield code="F">HIFF</subfield>
            <subfield code="b">HIFF</subfield>
            <subfield code="c">IFF</subfield>
            <subfield code="j">PF 306</subfield>
         </datafield>
         <datafield tag="949" ind1=" " ind2=" ">
            <subfield code="B">ALEX</subfield>
            <subfield code="F">BIG</subfield>
            <subfield code="b">BIG</subfield>
            <subfield code="j">BIG ESTV AG 265.68</subfield>
            <subfield code="c">Magazin1</subfield>
         </datafield>
         <datafield tag="949" ind1=" " ind2=" ">
            <subfield code="B">ALEX</subfield>
            <subfield code="F">BWO</subfield>
            <subfield code="b">BWO</subfield>
            <subfield code="j">BWO B 0-2</subfield>
            <subfield code="c">BiblioDok</subfield>
         </datafield>
      <datafield tag="690" ind1="H" ind2="D">
            <subfield code="8">PF</subfield>
            <subfield code="a">Einkommen- und Vermögensteuern, Ertrag- und Kapitalsteuern : Vermögensertrag</subfield>
            <subfield code="2">HSG-IFF</subfield>
        </datafield></record>