<record xmlns:xs="http://www.w3.org/2001/XMLSchema">
         <leader>     cam a22     u  4500</leader>
         <controlfield tag="001">036342815</controlfield>
         <controlfield tag="003">CHVBK</controlfield>
         <controlfield tag="005">20190409032824.0</controlfield>
         <controlfield tag="008">970702m19741994sz       l    001 0 ger  </controlfield>
         <datafield tag="035" ind1=" " ind2=" ">
            <subfield code="a">(OCoLC)611588827</subfield>
         </datafield>
         <datafield tag="035" ind1=" " ind2=" ">
            <subfield code="a">(IDSSG)000145552</subfield>
         </datafield>
         <datafield tag="040" ind1=" " ind2=" ">
            <subfield code="a">SzZuIDS HSG</subfield>
            <subfield code="b">ger</subfield>
            <subfield code="e">kids</subfield>
         </datafield>
         <datafield tag="245" ind1="0" ind2="0">
            <subfield code="a">Doppelbesteuerungsabkommen Deutschland-Schweiz</subfield>
            <subfield code="b">Texte, Kommentare, Materialien</subfield>
            <subfield code="c">Handelskammer Deutschland-Schweiz ; Schriftleitung: Men Rauch ; bearb. von Hans-Joachim Meyer-Marsilius ... &lt;et al.&gt;</subfield>
         </datafield>
         <datafield tag="264" ind1=" " ind2="1">
            <subfield code="a">Zürich</subfield>
            <subfield code="b">Handelskammer Deutschland-Schweiz</subfield>
            <subfield code="c">1974-1994</subfield>
         </datafield>
         <datafield tag="300" ind1=" " ind2=" ">
            <subfield code="a">7 Ordner</subfield>
         </datafield>
         <datafield tag="336" ind1=" " ind2=" ">
            <subfield code="a">Text</subfield>
            <subfield code="b">txt</subfield>
            <subfield code="2">rdacontent/ger</subfield>
         </datafield>
         <datafield tag="337" ind1=" " ind2=" ">
            <subfield code="a">ohne Hilfsmittel zu benutzen</subfield>
            <subfield code="b">n</subfield>
            <subfield code="2">rdamedia/ger</subfield>
         </datafield>
         <datafield tag="338" ind1=" " ind2=" ">
            <subfield code="a">Band</subfield>
            <subfield code="b">nc</subfield>
            <subfield code="2">rdacarrier/ger</subfield>
         </datafield>
         <datafield tag="490" ind1="0" ind2=" ">
            <subfield code="a">Fachkommentar der Handelskammer Deutschland-Schweiz</subfield>
         </datafield>
         <datafield tag="500" ind1=" " ind2=" ">
            <subfield code="a">Loseblattsammlung, abgeschlossen mit Lfg. 30 (Mai 1994). - Variationen im Zusatz z. Sachtitel und in der Urheberangabe</subfield>
         </datafield>
         <datafield tag="504" ind1=" " ind2=" ">
            <subfield code="a">Literaturverzeichnis</subfield>
         </datafield>
         <datafield tag="650" ind1=" " ind2="7">
            <subfield code="a">Doppelbesteuerungsabkommen</subfield>
            <subfield code="0">(DE-588)4070544-4</subfield>
            <subfield code="2">gnd</subfield>
         </datafield>
         <datafield tag="651" ind1=" " ind2="7">
            <subfield code="a">Schweiz</subfield>
            <subfield code="0">(DE-588)4053881-3</subfield>
            <subfield code="2">gnd</subfield>
         </datafield>
         <datafield tag="651" ind1=" " ind2="7">
            <subfield code="a">Deutschland</subfield>
            <subfield code="0">(DE-588)4011882-4</subfield>
            <subfield code="2">gnd</subfield>
         </datafield>
         <datafield tag="655" ind1=" " ind2="7">
            <subfield code="a">Kommentar</subfield>
            <subfield code="2">gnd-content</subfield>
         </datafield>
         <datafield tag="695" ind1=" " ind2="7">
            <subfield code="B">f</subfield>
            <subfield code="a">Gesetze und Verordnungen</subfield>
            <subfield code="2">idssg H7</subfield>
         </datafield>
         <datafield tag="695" ind1=" " ind2="7">
            <subfield code="B">f</subfield>
            <subfield code="a">Gesetze und Verordnungen</subfield>
            <subfield code="2">idssg H7</subfield>
         </datafield>
         <datafield tag="700" ind1="1" ind2=" ">
            <subfield code="a">Rauch</subfield>
            <subfield code="D">Men</subfield>
         </datafield>
         <datafield tag="700" ind1="1" ind2=" ">
            <subfield code="a">Meyer-Marsilius</subfield>
            <subfield code="D">Hans Joachim</subfield>
         </datafield>
         <datafield tag="710" ind1="1" ind2=" ">
            <subfield code="a">Schweiz</subfield>
            <subfield code="0">(DE-588)4053881-3</subfield>
         </datafield>
         <datafield tag="710" ind1="2" ind2=" ">
            <subfield code="a">Handelskammer Deutschland-Schweiz</subfield>
            <subfield code="0">(DE-588)2013037-5</subfield>
         </datafield>
         <datafield tag="710" ind1="2" ind2=" ">
            <subfield code="a">Deutschland</subfield>
            <subfield code="g">Bundesrepublik</subfield>
            <subfield code="0">(DE-588)4011889-7</subfield>
         </datafield>
         <datafield tag="950" ind1=" " ind2=" ">
            <subfield code="B">IDSSG</subfield>
            <subfield code="P">490</subfield>
            <subfield code="E">0-</subfield>
            <subfield code="a">Fachkommentar der Handelskammer Deutschland-Schweiz</subfield>
         </datafield>
         <datafield tag="950" ind1=" " ind2=" ">
            <subfield code="B">IDSSG</subfield>
            <subfield code="P">700</subfield>
            <subfield code="E">1-</subfield>
            <subfield code="a">Rauch</subfield>
            <subfield code="D">Men</subfield>
         </datafield>
         <datafield tag="950" ind1=" " ind2=" ">
            <subfield code="B">IDSSG</subfield>
            <subfield code="P">700</subfield>
            <subfield code="E">1-</subfield>
            <subfield code="a">Meyer-Marsilius</subfield>
            <subfield code="D">Hans Joachim</subfield>
         </datafield>
         <datafield tag="950" ind1=" " ind2=" ">
            <subfield code="B">IDSSG</subfield>
            <subfield code="P">710</subfield>
            <subfield code="E">1-</subfield>
            <subfield code="a">Schweiz</subfield>
            <subfield code="0">(DE-588)4053881-3</subfield>
         </datafield>
         <datafield tag="950" ind1=" " ind2=" ">
            <subfield code="B">IDSSG</subfield>
            <subfield code="P">710</subfield>
            <subfield code="E">2-</subfield>
            <subfield code="a">Handelskammer Deutschland-Schweiz</subfield>
            <subfield code="0">(DE-588)2013037-5</subfield>
         </datafield>
         <datafield tag="950" ind1=" " ind2=" ">
            <subfield code="B">IDSSG</subfield>
            <subfield code="P">710</subfield>
            <subfield code="E">2-</subfield>
            <subfield code="a">Deutschland</subfield>
            <subfield code="g">Bundesrepublik</subfield>
            <subfield code="0">(DE-588)4011889-7</subfield>
         </datafield>
         <datafield tag="898" ind1=" " ind2=" ">
            <subfield code="a">BK020500</subfield>
            <subfield code="b">XK020500</subfield>
            <subfield code="c">XK020500</subfield>
         </datafield>
         <datafield tag="949" ind1=" " ind2=" ">
            <subfield code="B">IDSSG</subfield>
            <subfield code="F">HSG</subfield>
            <subfield code="b">SGSBI</subfield>
            <subfield code="c">BURON</subfield>
            <subfield code="j">PP 2953 D692 -1</subfield>
         </datafield>
         <datafield tag="949" ind1=" " ind2=" ">
            <subfield code="B">IDSSG</subfield>
            <subfield code="F">HSG</subfield>
            <subfield code="b">SGSBI</subfield>
            <subfield code="c">BURON</subfield>
            <subfield code="j">PP 2953 D692 -2</subfield>
         </datafield>
         <datafield tag="949" ind1=" " ind2=" ">
            <subfield code="B">IDSSG</subfield>
            <subfield code="F">HSG</subfield>
            <subfield code="b">SGSBI</subfield>
            <subfield code="c">BURON</subfield>
            <subfield code="j">PP 2953 D692 -3</subfield>
         </datafield>
         <datafield tag="949" ind1=" " ind2=" ">
            <subfield code="B">IDSSG</subfield>
            <subfield code="F">HSG</subfield>
            <subfield code="b">SGSBI</subfield>
            <subfield code="c">BURON</subfield>
            <subfield code="j">PP 2953 D692 -4</subfield>
         </datafield>
         <datafield tag="949" ind1=" " ind2=" ">
            <subfield code="B">IDSSG</subfield>
            <subfield code="F">HSG</subfield>
            <subfield code="b">SGSBI</subfield>
            <subfield code="c">BURON</subfield>
            <subfield code="j">PP 2953 D692 -5</subfield>
         </datafield>
         <datafield tag="949" ind1=" " ind2=" ">
            <subfield code="B">IDSSG</subfield>
            <subfield code="F">HSG</subfield>
            <subfield code="b">SGSBI</subfield>
            <subfield code="c">BURON</subfield>
            <subfield code="j">PP 2953 D692 -6</subfield>
         </datafield>
         <datafield tag="949" ind1=" " ind2=" ">
            <subfield code="B">IDSSG</subfield>
            <subfield code="F">HSG</subfield>
            <subfield code="b">SGSBI</subfield>
            <subfield code="c">BURON</subfield>
            <subfield code="j">PP 2953 D692 -7</subfield>
         </datafield>
         <datafield tag="949" ind1=" " ind2=" ">
            <subfield code="B">IDSSG</subfield>
            <subfield code="F">HIFF</subfield>
            <subfield code="b">HIFF</subfield>
            <subfield code="c">IFF</subfield>
            <subfield code="j">LD 115</subfield>
            <subfield code="z">Bd. 1</subfield>
         </datafield>
         <datafield tag="949" ind1=" " ind2=" ">
            <subfield code="B">IDSSG</subfield>
            <subfield code="F">HIFF</subfield>
            <subfield code="b">HIFF</subfield>
            <subfield code="c">IFF</subfield>
            <subfield code="j">LD 115</subfield>
            <subfield code="z">Bd. 2</subfield>
         </datafield>
         <datafield tag="949" ind1=" " ind2=" ">
            <subfield code="B">IDSSG</subfield>
            <subfield code="F">HIFF</subfield>
            <subfield code="b">HIFF</subfield>
            <subfield code="c">IFF</subfield>
            <subfield code="j">LD 115</subfield>
            <subfield code="z">Bd. 3</subfield>
         </datafield>
         <datafield tag="949" ind1=" " ind2=" ">
            <subfield code="B">IDSSG</subfield>
            <subfield code="F">HIFF</subfield>
            <subfield code="b">HIFF</subfield>
            <subfield code="c">IFF</subfield>
            <subfield code="j">LD 115</subfield>
            <subfield code="z">Bd. 4</subfield>
         </datafield>
         <datafield tag="949" ind1=" " ind2=" ">
            <subfield code="B">IDSSG</subfield>
            <subfield code="F">HIFF</subfield>
            <subfield code="b">HIFF</subfield>
            <subfield code="c">IFF</subfield>
            <subfield code="j">LD 115</subfield>
            <subfield code="z">Bd. 5</subfield>
         </datafield>
         <datafield tag="949" ind1=" " ind2=" ">
            <subfield code="B">IDSSG</subfield>
            <subfield code="F">HIFF</subfield>
            <subfield code="b">HIFF</subfield>
            <subfield code="c">IFF</subfield>
            <subfield code="j">LD 115</subfield>
            <subfield code="z">Bd. 6</subfield>
         </datafield>
         <datafield tag="949" ind1=" " ind2=" ">
            <subfield code="B">IDSSG</subfield>
            <subfield code="F">HIFF</subfield>
            <subfield code="b">HIFF</subfield>
            <subfield code="c">IFF</subfield>
            <subfield code="j">LD 115</subfield>
            <subfield code="z">Bd. 7</subfield>
         </datafield>
         <datafield tag="949" ind1=" " ind2=" ">
            <subfield code="B">IDSSG</subfield>
            <subfield code="F">HIFF</subfield>
            <subfield code="b">HIFF</subfield>
            <subfield code="c">IFF</subfield>
            <subfield code="j">LD 146</subfield>
         </datafield>
      <datafield tag="690" ind1="H" ind2="D">
            <subfield code="8">LD</subfield>
            <subfield code="a">Interkantonales/Internationales Steuerrecht : Deutschland</subfield>
            <subfield code="2">HSG-IFF</subfield>
        </datafield></record>