<record xmlns:xs="http://www.w3.org/2001/XMLSchema">
         <leader>     cam a22        4500</leader>
         <controlfield tag="001">29339461X</controlfield>
         <controlfield tag="003">CHVBK</controlfield>
         <controlfield tag="005">20190608103317.0</controlfield>
         <controlfield tag="008">131020m20112012sz a          001 0 ger d</controlfield>
         <datafield tag="020" ind1=" " ind2=" ">
            <subfield code="a">978-3-905901-49-8 (Bd. 1)</subfield>
         </datafield>
         <datafield tag="020" ind1=" " ind2=" ">
            <subfield code="a">978-3-905901-50-4 (Bd. 2)</subfield>
         </datafield>
         <datafield tag="035" ind1=" " ind2=" ">
            <subfield code="a">(ALEX)9914197654101791</subfield>
         </datafield>
         <datafield tag="035" ind1=" " ind2=" ">
            <subfield code="a">(NEBIS)005980346</subfield>
         </datafield>
         <datafield tag="040" ind1=" " ind2=" ">
            <subfield code="a">BAG</subfield>
            <subfield code="c">BAG</subfield>
            <subfield code="d">BiG</subfield>
         </datafield>
         <datafield tag="245" ind1="0" ind2="4">
            <subfield code="a">Die Mehrwertsteuererlasse des Bundes</subfield>
            <subfield code="b">gesammelte MWST-Publikationen der Eidg. Steuerverwaltung</subfield>
            <subfield code="c">[Hrsg.:] Daniel R. Gygax</subfield>
         </datafield>
         <datafield tag="250" ind1=" " ind2=" ">
            <subfield code="a">Stand vom 1.1.2011 (Bd. 1), Stand: 15.6.2012 (Bd. 2)</subfield>
         </datafield>
         <datafield tag="260" ind1=" " ind2=" ">
            <subfield code="a">[Stäfa]</subfield>
            <subfield code="b">Verlag Steuern und Recht</subfield>
            <subfield code="c">2011-2012</subfield>
         </datafield>
         <datafield tag="300" ind1=" " ind2=" ">
            <subfield code="a">2 Bd.</subfield>
            <subfield code="b">Ill.</subfield>
            <subfield code="c">19 cm</subfield>
         </datafield>
         <datafield tag="500" ind1=" " ind2=" ">
            <subfield code="a">Register</subfield>
         </datafield>
         <datafield tag="505" ind1="0" ind2=" ">
            <subfield code="a">Bd. 1: Allgemeine Erlasse 2010/2011. - 2011. - XII, 1043 S. - Enthält u.a.: Bundesgesetz vom 12. Juni 2009 über die Mehrwertsteuer (Mehrwertsteuergesetz, MWSTG) ; Mehrwertsteuerverordnung vom 27. November 2009 (MWSTV)</subfield>
         </datafield>
         <datafield tag="505" ind1="0" ind2=" ">
            <subfield code="a">Bd. 2: MWST-Branchen-Infos 2010/2011/2012. - 2012. - XIV, 1115 S.</subfield>
         </datafield>
         <datafield tag="650" ind1=" " ind2="2">
            <subfield code="a">Taxes</subfield>
            <subfield code="x">legislation &amp; jurisprudence</subfield>
         </datafield>
         <datafield tag="650" ind1=" " ind2="7">
            <subfield code="a">Mehrwertsteuer</subfield>
            <subfield code="2">jurivoc</subfield>
         </datafield>
         <datafield tag="650" ind1=" " ind2="7">
            <subfield code="a">Bundesgesetz über die Mehrwertsteuer</subfield>
            <subfield code="2">jurivoc</subfield>
         </datafield>
         <datafield tag="650" ind1=" " ind2="7">
            <subfield code="a">Bundesbehörde</subfield>
            <subfield code="2">jurivoc</subfield>
         </datafield>
         <datafield tag="650" ind1=" " ind2="7">
            <subfield code="a">Steuerverwaltung</subfield>
            <subfield code="2">jurivoc</subfield>
         </datafield>
         <datafield tag="650" ind1=" " ind2="7">
            <subfield code="a">Steuerpflicht</subfield>
            <subfield code="2">jurivoc</subfield>
         </datafield>
         <datafield tag="650" ind1=" " ind2="7">
            <subfield code="a">Erlass(Gesetz)</subfield>
            <subfield code="2">jurivoc</subfield>
         </datafield>
         <datafield tag="650" ind1=" " ind2="7">
            <subfield code="a">Verordnung zum Bundesgesetz über die Mehrwertsteuer</subfield>
            <subfield code="2">jurivoc</subfield>
         </datafield>
         <datafield tag="650" ind1=" " ind2="7">
            <subfield code="a">Steuermass</subfield>
            <subfield code="2">jurivoc</subfield>
         </datafield>
         <datafield tag="650" ind1=" " ind2="7">
            <subfield code="a">Pauschale</subfield>
            <subfield code="2">jurivoc</subfield>
         </datafield>
         <datafield tag="650" ind1=" " ind2="7">
            <subfield code="a">Eigengebrauch</subfield>
            <subfield code="2">jurivoc</subfield>
         </datafield>
         <datafield tag="650" ind1=" " ind2="7">
            <subfield code="a">Zweck(Allgemein)</subfield>
            <subfield code="2">jurivoc</subfield>
         </datafield>
         <datafield tag="650" ind1=" " ind2="7">
            <subfield code="a">Änderung(Allgemein)</subfield>
            <subfield code="2">jurivoc</subfield>
         </datafield>
         <datafield tag="650" ind1=" " ind2="7">
            <subfield code="a">Vorsteuerabzug</subfield>
            <subfield code="2">jurivoc</subfield>
         </datafield>
         <datafield tag="650" ind1=" " ind2="7">
            <subfield code="a">Ermässigung</subfield>
            <subfield code="2">jurivoc</subfield>
         </datafield>
         <datafield tag="650" ind1=" " ind2="7">
            <subfield code="a">Gemischte Verwendung</subfield>
            <subfield code="2">jurivoc</subfield>
         </datafield>
         <datafield tag="650" ind1=" " ind2="7">
            <subfield code="a">Gruppenbesteuerung</subfield>
            <subfield code="2">jurivoc</subfield>
         </datafield>
         <datafield tag="650" ind1=" " ind2="7">
            <subfield code="a">Zoll</subfield>
            <subfield code="2">jurivoc</subfield>
         </datafield>
         <datafield tag="650" ind1=" " ind2="7">
            <subfield code="a">Zollpflicht</subfield>
            <subfield code="2">jurivoc</subfield>
         </datafield>
         <datafield tag="650" ind1=" " ind2="7">
            <subfield code="a">Textreproduktion</subfield>
            <subfield code="2">jurivoc</subfield>
         </datafield>
         <datafield tag="650" ind1=" " ind2="7">
            <subfield code="a">Umsatzsteuer</subfield>
            <subfield code="2">idszbz</subfield>
         </datafield>
         <datafield tag="650" ind1=" " ind2="7">
            <subfield code="a">Recht</subfield>
            <subfield code="2">idszbz</subfield>
         </datafield>
         <datafield tag="651" ind1=" " ind2="7">
            <subfield code="a">Schweiz</subfield>
            <subfield code="2">idszbz</subfield>
         </datafield>
         <datafield tag="655" ind1=" " ind2="7">
            <subfield code="a">Quelle</subfield>
            <subfield code="2">idszbz</subfield>
         </datafield>
         <datafield tag="690" ind1=" " ind2="7">
            <subfield code="B">s</subfield>
            <subfield code="a">Mehrwertsteuer</subfield>
            <subfield code="2">alex midonas</subfield>
         </datafield>
         <datafield tag="690" ind1=" " ind2="7">
            <subfield code="B">s</subfield>
            <subfield code="a">Gesetz</subfield>
            <subfield code="2">alex midonas</subfield>
         </datafield>
         <datafield tag="700" ind1="1" ind2=" ">
            <subfield code="a">Gygax</subfield>
            <subfield code="D">Daniel R.</subfield>
         </datafield>
         <datafield tag="710" ind1="1" ind2=" ">
            <subfield code="a">Schweiz</subfield>
            <subfield code="t">Bundesgesetz vom 12. Juni 2009 über die Mehrwertsteuer</subfield>
         </datafield>
         <datafield tag="710" ind1="1" ind2=" ">
            <subfield code="a">Schweiz</subfield>
            <subfield code="t">Mehrwertsteuerverordnung vom 27. November 2009</subfield>
         </datafield>
         <datafield tag="710" ind1="1" ind2=" ">
            <subfield code="a">Schweiz</subfield>
            <subfield code="t">MWSTG</subfield>
         </datafield>
         <datafield tag="710" ind1="1" ind2=" ">
            <subfield code="a">Schweiz</subfield>
            <subfield code="t">Mehrwertsteuergesetz</subfield>
         </datafield>
         <datafield tag="710" ind1="1" ind2=" ">
            <subfield code="a">Schweiz</subfield>
            <subfield code="t">MWSTV</subfield>
         </datafield>
         <datafield tag="751" ind1=" " ind2=" ">
            <subfield code="a">Schweiz</subfield>
            <subfield code="0">(DE-588)4053881-3</subfield>
         </datafield>
         <datafield tag="751" ind1=" " ind2=" ">
            <subfield code="a">Suisse</subfield>
            <subfield code="0">(DE-588)4053881-3</subfield>
         </datafield>
         <datafield tag="751" ind1=" " ind2=" ">
            <subfield code="a">Switzerland</subfield>
            <subfield code="0">(DE-588)4053881-3</subfield>
         </datafield>
         <datafield tag="908" ind1=" " ind2=" ">
            <subfield code="D">1</subfield>
            <subfield code="a">Gesetze und Verordnungen = Lois, règlements</subfield>
         </datafield>
         <datafield tag="909" ind1=" " ind2="7">
            <subfield code="a">ZH</subfield>
            <subfield code="2">idszbz Z1</subfield>
         </datafield>
         <datafield tag="909" ind1=" " ind2="7">
            <subfield code="a">rwimon201104e</subfield>
            <subfield code="c">rosi 110406</subfield>
            <subfield code="d">rwiswk201105b</subfield>
            <subfield code="e">meim</subfield>
            <subfield code="2">idszbz Z2</subfield>
         </datafield>
         <datafield tag="909" ind1=" " ind2="7">
            <subfield code="a">E51-20110624</subfield>
            <subfield code="2">nebis EN</subfield>
         </datafield>
         <datafield tag="909" ind1=" " ind2="7">
            <subfield code="a">E51ANH-2011</subfield>
            <subfield code="2">nebis E5</subfield>
         </datafield>
         <datafield tag="912" ind1=" " ind2="7">
            <subfield code="a">RWI-Sq</subfield>
            <subfield code="2">RWI-201104</subfield>
         </datafield>
         <datafield tag="950" ind1=" " ind2=" ">
            <subfield code="B">ALEX</subfield>
            <subfield code="P">700</subfield>
            <subfield code="E">1-</subfield>
            <subfield code="a">Gygax</subfield>
            <subfield code="D">Daniel R.</subfield>
         </datafield>
         <datafield tag="950" ind1=" " ind2=" ">
            <subfield code="B">ALEX</subfield>
            <subfield code="P">710</subfield>
            <subfield code="E">1-</subfield>
            <subfield code="a">Schweiz. -</subfield>
            <subfield code="t">Bundesgesetz vom 12. Juni 2009 über die Mehrwertsteuer</subfield>
         </datafield>
         <datafield tag="950" ind1=" " ind2=" ">
            <subfield code="B">ALEX</subfield>
            <subfield code="P">710</subfield>
            <subfield code="E">1-</subfield>
            <subfield code="a">Schweiz. -</subfield>
            <subfield code="t">Mehrwertsteuerverordnung vom 27. November 2009</subfield>
         </datafield>
         <datafield tag="950" ind1=" " ind2=" ">
            <subfield code="B">ALEX</subfield>
            <subfield code="P">710</subfield>
            <subfield code="E">1-</subfield>
            <subfield code="a">Schweiz. -</subfield>
            <subfield code="t">MWSTG</subfield>
         </datafield>
         <datafield tag="950" ind1=" " ind2=" ">
            <subfield code="B">ALEX</subfield>
            <subfield code="P">710</subfield>
            <subfield code="E">1-</subfield>
            <subfield code="a">Schweiz. -</subfield>
            <subfield code="t">Mehrwertsteuergesetz</subfield>
         </datafield>
         <datafield tag="950" ind1=" " ind2=" ">
            <subfield code="B">ALEX</subfield>
            <subfield code="P">710</subfield>
            <subfield code="E">1-</subfield>
            <subfield code="a">Schweiz. -</subfield>
            <subfield code="t">MWSTV</subfield>
         </datafield>
         <datafield tag="950" ind1=" " ind2=" ">
            <subfield code="B">NEBIS</subfield>
            <subfield code="P">700</subfield>
            <subfield code="E">1-</subfield>
            <subfield code="a">Gygax</subfield>
            <subfield code="D">Daniel R.</subfield>
            <subfield code="0">(DE-588)108934029X</subfield>
         </datafield>
         <datafield tag="986" ind1=" " ind2=" ">
            <subfield code="a">SWISSBIB</subfield>
            <subfield code="b">123172462</subfield>
         </datafield>
         <datafield tag="898" ind1=" " ind2=" ">
            <subfield code="a">BK020000</subfield>
            <subfield code="b">XK020000</subfield>
            <subfield code="c">XK020000</subfield>
         </datafield>
         <datafield tag="949" ind1=" " ind2=" ">
            <subfield code="B">NEBIS</subfield>
            <subfield code="F">E51</subfield>
            <subfield code="b">E51</subfield>
            <subfield code="c">E51BR</subfield>
            <subfield code="j">RP 343.055 Gyga Meh Bd.2 Ed.2012 Ex.B</subfield>
            <subfield code="z">2010/2011/2012</subfield>
         </datafield>
         <datafield tag="949" ind1=" " ind2=" ">
            <subfield code="B">NEBIS</subfield>
            <subfield code="F">E51</subfield>
            <subfield code="b">E51</subfield>
            <subfield code="c">E51BR</subfield>
            <subfield code="j">RP 343.055 Gyga Meh Bd.2 Ed.2012</subfield>
            <subfield code="z">2010/2011/2012</subfield>
         </datafield>
         <datafield tag="949" ind1=" " ind2=" ">
            <subfield code="B">NEBIS</subfield>
            <subfield code="F">Z16</subfield>
            <subfield code="b">Z16</subfield>
            <subfield code="c">Z1601</subfield>
            <subfield code="j">Te 1195 : 1 : 2010/2011</subfield>
            <subfield code="z">1</subfield>
         </datafield>
         <datafield tag="949" ind1=" " ind2=" ">
            <subfield code="B">NEBIS</subfield>
            <subfield code="F">Z16</subfield>
            <subfield code="b">Z16</subfield>
            <subfield code="c">Z1601</subfield>
            <subfield code="j">Te 1195 : 2 : 2010-2012</subfield>
            <subfield code="z">2</subfield>
         </datafield>
         <datafield tag="956" ind1="4" ind2=" ">
            <subfield code="B">NEBIS</subfield>
            <subfield code="C">ZAD50</subfield>
            <subfield code="D">EBI01</subfield>
            <subfield code="a">Z16</subfield>
            <subfield code="u">https://opac.nebis.ch/objects/pdf/z16_978-3-905901-50-4_01.pdf</subfield>
            <subfield code="y">Titelblatt und Inhaltsverzeichnis</subfield>
            <subfield code="x">VIEW</subfield>
            <subfield code="q">pdf</subfield>
         </datafield>
         <datafield tag="949" ind1=" " ind2=" ">
            <subfield code="B">ALEX</subfield>
            <subfield code="F">BIG</subfield>
            <subfield code="b">BIG</subfield>
            <subfield code="j">BIG NON 11834</subfield>
            <subfield code="c">EG</subfield>
            <subfield code="z">2</subfield>
         </datafield>
         <datafield tag="949" ind1=" " ind2=" ">
            <subfield code="B">ALEX</subfield>
            <subfield code="F">BIG</subfield>
            <subfield code="b">BIG</subfield>
            <subfield code="j">BIG NON 9093</subfield>
            <subfield code="c">EG</subfield>
            <subfield code="z">1</subfield>
         </datafield>
         <datafield tag="949" ind1=" " ind2=" ">
            <subfield code="B">ALEX</subfield>
            <subfield code="F">BIG</subfield>
            <subfield code="b">BIG</subfield>
            <subfield code="j">BIG NPB 220 16 : 2</subfield>
            <subfield code="c">EGPraesenz</subfield>
            <subfield code="z">2</subfield>
         </datafield>
      <datafield tag="690" ind1="H" ind2="D">
            <subfield code="8">HA</subfield>
            <subfield code="a">Schweizerische Steuer-Gesetzgebung und -Judikatur : Steuergesetzgebung (Bund, einzelne Kantone)</subfield>
            <subfield code="2">HSG-IFF</subfield>
        </datafield></record>