<record xmlns:xs="http://www.w3.org/2001/XMLSchema">
         <leader>     cam a22     u  4500</leader>
         <controlfield tag="001">033504970</controlfield>
         <controlfield tag="003">CHVBK</controlfield>
         <controlfield tag="005">20190516033244.0</controlfield>
         <controlfield tag="008">980303m19791984fr            00    eng  </controlfield>
         <datafield tag="020" ind1=" " ind2=" ">
            <subfield code="a">92-64-11947-7</subfield>
         </datafield>
         <datafield tag="020" ind1=" " ind2=" ">
            <subfield code="a">92-64-12626-0</subfield>
            <subfield code="q">Supplement</subfield>
         </datafield>
         <datafield tag="035" ind1=" " ind2=" ">
            <subfield code="a">(OCoLC)885118927</subfield>
         </datafield>
         <datafield tag="035" ind1=" " ind2=" ">
            <subfield code="a">(IDSSG)000161082</subfield>
         </datafield>
         <datafield tag="040" ind1=" " ind2=" ">
            <subfield code="a">SzZuIDS HSG</subfield>
            <subfield code="b">ger</subfield>
            <subfield code="e">kids</subfield>
         </datafield>
         <datafield tag="245" ind1="0" ind2="0">
            <subfield code="a">Transfer pricing and multinational enterprises</subfield>
            <subfield code="b">report of the OECD Committee on Fiscal Affairs</subfield>
         </datafield>
         <datafield tag="246" ind1="1" ind2=" ">
            <subfield code="i">Ausg. 1995 u.d.T.:</subfield>
            <subfield code="a">Transfer pricing guidelines for multinational enterprises and tax administrations</subfield>
         </datafield>
         <datafield tag="264" ind1=" " ind2="1">
            <subfield code="a">Paris</subfield>
            <subfield code="b">OECD</subfield>
            <subfield code="c">1979-1984</subfield>
         </datafield>
         <datafield tag="300" ind1=" " ind2=" ">
            <subfield code="a">100 S.</subfield>
            <subfield code="e">1 Supplement</subfield>
         </datafield>
         <datafield tag="336" ind1=" " ind2=" ">
            <subfield code="a">Text</subfield>
            <subfield code="b">txt</subfield>
            <subfield code="2">rdacontent/ger</subfield>
         </datafield>
         <datafield tag="337" ind1=" " ind2=" ">
            <subfield code="a">ohne Hilfsmittel zu benutzen</subfield>
            <subfield code="b">n</subfield>
            <subfield code="2">rdamedia/ger</subfield>
         </datafield>
         <datafield tag="338" ind1=" " ind2=" ">
            <subfield code="a">Band</subfield>
            <subfield code="b">nc</subfield>
            <subfield code="2">rdacarrier/ger</subfield>
         </datafield>
         <datafield tag="650" ind1=" " ind2="7">
            <subfield code="a">Multinationales Unternehmen</subfield>
            <subfield code="0">(DE-588)4075092-9</subfield>
            <subfield code="2">gnd</subfield>
         </datafield>
         <datafield tag="650" ind1=" " ind2="7">
            <subfield code="a">Innerbetriebliche Leistungsverrechnung</subfield>
            <subfield code="0">(DE-588)4072822-5</subfield>
            <subfield code="2">gnd</subfield>
         </datafield>
         <datafield tag="710" ind1="2" ind2=" ">
            <subfield code="a">Organisation for Economic Co-operation and Development</subfield>
            <subfield code="b">Committee on Fiscal Affairs</subfield>
            <subfield code="0">(DE-588)1086934008</subfield>
         </datafield>
         <datafield tag="775" ind1=" " ind2=" ">
            <subfield code="i">Franz. Ausg. u.d.T.</subfield>
            <subfield code="t">Prix de transfert et entreprises multinationales</subfield>
         </datafield>
         <datafield tag="950" ind1=" " ind2=" ">
            <subfield code="B">IDSSG</subfield>
            <subfield code="P">710</subfield>
            <subfield code="E">2-</subfield>
            <subfield code="a">Organisation for Economic Co-operation and Development</subfield>
            <subfield code="b">Committee on Fiscal Affairs</subfield>
            <subfield code="0">(DE-588)1086934008</subfield>
         </datafield>
         <datafield tag="950" ind1=" " ind2=" ">
            <subfield code="B">IDSSG</subfield>
            <subfield code="P">775</subfield>
            <subfield code="E">--</subfield>
            <subfield code="i">Franz. Ausg. u.d.T</subfield>
            <subfield code="t">Prix de transfert et entreprises multinationales</subfield>
         </datafield>
         <datafield tag="986" ind1=" " ind2=" ">
            <subfield code="a">SWISSBIB</subfield>
            <subfield code="b">033504970</subfield>
         </datafield>
         <datafield tag="898" ind1=" " ind2=" ">
            <subfield code="a">BK020000</subfield>
            <subfield code="b">XK020000</subfield>
            <subfield code="c">XK020000</subfield>
         </datafield>
         <datafield tag="949" ind1=" " ind2=" ">
            <subfield code="B">IDSSG</subfield>
            <subfield code="F">HSG</subfield>
            <subfield code="b">SGSBI</subfield>
            <subfield code="c">BURON</subfield>
            <subfield code="j">QP 836 O68 -1979</subfield>
         </datafield>
         <datafield tag="949" ind1=" " ind2=" ">
            <subfield code="B">IDSSG</subfield>
            <subfield code="F">HSG</subfield>
            <subfield code="b">SGSBI</subfield>
            <subfield code="c">BURON</subfield>
            <subfield code="j">QP 836 O68 -1984</subfield>
         </datafield>
         <datafield tag="949" ind1=" " ind2=" ">
            <subfield code="B">IDSSG</subfield>
            <subfield code="F">HIFF</subfield>
            <subfield code="b">HIFF</subfield>
            <subfield code="c">IFF</subfield>
            <subfield code="j">LC 0648 2</subfield>
         </datafield>
      <datafield tag="690" ind1="H" ind2="D">
            <subfield code="8">LC</subfield>
            <subfield code="a">Interkantonales/Internationales Steuerrecht : Internationales Steuerrecht</subfield>
            <subfield code="2">HSG-IFF</subfield>
        </datafield></record>