<record xmlns:xs="http://www.w3.org/2001/XMLSchema">
         <leader>     cam a22        4500</leader>
         <controlfield tag="001">211788481</controlfield>
         <controlfield tag="003">CHVBK</controlfield>
         <controlfield tag="005">20190302214251.0</controlfield>
         <controlfield tag="008">910723s1991    xxk           10    eng d</controlfield>
         <datafield tag="020" ind1=" " ind2=" ">
            <subfield code="a">1-85271-141-8</subfield>
         </datafield>
         <datafield tag="035" ind1=" " ind2=" ">
            <subfield code="a">(RERO)1407395</subfield>
         </datafield>
         <datafield tag="040" ind1=" " ind2=" ">
            <subfield code="a">RERO geubfd</subfield>
         </datafield>
         <datafield tag="072" ind1=" " ind2="7">
            <subfield code="a">s1dr</subfield>
            <subfield code="2">rero</subfield>
         </datafield>
         <datafield tag="245" ind1="0" ind2="0">
            <subfield code="a">International joint ventures</subfield>
            <subfield code="b">the legal and tax issues</subfield>
            <subfield code="c">proceedings of International Tax Institute, 28th annual Seminar, New York, June 1989 (revised to December 1990)</subfield>
         </datafield>
         <datafield tag="264" ind1=" " ind2="1">
            <subfield code="a">London</subfield>
            <subfield code="b">Eurostudy Publ.</subfield>
            <subfield code="c">[1991]</subfield>
         </datafield>
         <datafield tag="264" ind1=" " ind2="4">
            <subfield code="c">© 1991</subfield>
         </datafield>
         <datafield tag="300" ind1=" " ind2=" ">
            <subfield code="a">XVI, 267 p.</subfield>
            <subfield code="b">ill.</subfield>
            <subfield code="c">29 cm</subfield>
         </datafield>
         <datafield tag="336" ind1=" " ind2=" ">
            <subfield code="b">txt</subfield>
            <subfield code="2">rdacontent</subfield>
         </datafield>
         <datafield tag="337" ind1=" " ind2=" ">
            <subfield code="b">n</subfield>
            <subfield code="2">rdamedia</subfield>
         </datafield>
         <datafield tag="338" ind1=" " ind2=" ">
            <subfield code="b">nc</subfield>
            <subfield code="2">rdacarrier</subfield>
         </datafield>
         <datafield tag="490" ind1="1" ind2=" ">
            <subfield code="a">Money manager's library series</subfield>
         </datafield>
         <datafield tag="490" ind1="1" ind2=" ">
            <subfield code="a">A Eurostudy special report</subfield>
         </datafield>
         <datafield tag="650" ind1=" " ind2="7">
            <subfield code="a">Droit comparé</subfield>
            <subfield code="0">(RERO)A021099995</subfield>
            <subfield code="2">rero</subfield>
         </datafield>
         <datafield tag="650" ind1=" " ind2="7">
            <subfield code="a">Entreprises communes</subfield>
            <subfield code="0">(RERO)A021065440</subfield>
            <subfield code="2">rero</subfield>
         </datafield>
         <datafield tag="691" ind1=" " ind2="7">
            <subfield code="2">rero dr-sys</subfield>
            <subfield code="u">A 30.1 e</subfield>
         </datafield>
         <datafield tag="710" ind1="2" ind2=" ">
            <subfield code="a">International Tax Institute</subfield>
            <subfield code="b">Annual Seminar</subfield>
            <subfield code="n">(28</subfield>
            <subfield code="d">1989</subfield>
            <subfield code="c">New York)</subfield>
            <subfield code="0">(RERO)A012383738</subfield>
         </datafield>
         <datafield tag="830" ind1=" " ind2="0">
            <subfield code="a">Money manager's library series</subfield>
         </datafield>
         <datafield tag="830" ind1=" " ind2="2">
            <subfield code="a">A Eurostudy special report</subfield>
         </datafield>
         <datafield tag="950" ind1=" " ind2=" ">
            <subfield code="B">RERO</subfield>
            <subfield code="P">490</subfield>
            <subfield code="E">1-</subfield>
            <subfield code="a">Money manager's library series</subfield>
         </datafield>
         <datafield tag="950" ind1=" " ind2=" ">
            <subfield code="B">RERO</subfield>
            <subfield code="P">490</subfield>
            <subfield code="E">1-</subfield>
            <subfield code="a">A Eurostudy special report</subfield>
         </datafield>
         <datafield tag="950" ind1=" " ind2=" ">
            <subfield code="B">RERO</subfield>
            <subfield code="P">710</subfield>
            <subfield code="E">2-</subfield>
            <subfield code="a">International Tax Institute</subfield>
            <subfield code="b">Annual Seminar</subfield>
            <subfield code="n">(28</subfield>
            <subfield code="d">1989</subfield>
            <subfield code="c">New York)</subfield>
            <subfield code="0">(RERO)A012383738</subfield>
         </datafield>
         <datafield tag="950" ind1=" " ind2=" ">
            <subfield code="B">RERO</subfield>
            <subfield code="P">830</subfield>
            <subfield code="E">--</subfield>
            <subfield code="a">Money manager's library series</subfield>
         </datafield>
         <datafield tag="950" ind1=" " ind2=" ">
            <subfield code="B">RERO</subfield>
            <subfield code="P">830</subfield>
            <subfield code="E">--</subfield>
            <subfield code="a">A Eurostudy special report</subfield>
         </datafield>
         <datafield tag="898" ind1=" " ind2=" ">
            <subfield code="a">BK020800</subfield>
            <subfield code="b">XK020000</subfield>
            <subfield code="c">XK020000</subfield>
         </datafield>
         <datafield tag="949" ind1=" " ind2=" ">
            <subfield code="B">RERO</subfield>
            <subfield code="F">RE61050</subfield>
            <subfield code="b">RE61050</subfield>
            <subfield code="c">RE610500033</subfield>
            <subfield code="j">A 30.1 e INJV 1991</subfield>
            <subfield code="s">BFDB 2596</subfield>
         </datafield>
      <datafield tag="690" ind1="H" ind2="D">
            <subfield code="8">LC</subfield>
            <subfield code="a">Interkantonales/Internationales Steuerrecht : Internationales Steuerrecht</subfield>
            <subfield code="2">HSG-IFF</subfield>
        </datafield></record>