<record xmlns:xs="http://www.w3.org/2001/XMLSchema">
         <leader>     nam a22        4500</leader>
         <controlfield tag="001">567005496</controlfield>
         <controlfield tag="003">CHVBK</controlfield>
         <controlfield tag="005">20190608100046.0</controlfield>
         <controlfield tag="008">190608s1978    gw            00    ger d</controlfield>
         <datafield tag="020" ind1=" " ind2=" ">
            <subfield code="a">3-503-01719-4</subfield>
         </datafield>
         <datafield tag="035" ind1=" " ind2=" ">
            <subfield code="a">(RERO)1060683</subfield>
         </datafield>
         <datafield tag="035" ind1=" " ind2=" ">
            <subfield code="a">(IDSSG)000998297</subfield>
         </datafield>
         <datafield tag="035" ind1=" " ind2=" ">
            <subfield code="a">(RERO)1060683</subfield>
         </datafield>
         <datafield tag="040" ind1=" " ind2=" ">
            <subfield code="a">RERO frbcuc</subfield>
         </datafield>
         <datafield tag="072" ind1=" " ind2="7">
            <subfield code="a">s1se</subfield>
            <subfield code="2">rero</subfield>
         </datafield>
         <datafield tag="100" ind1="1" ind2=" ">
            <subfield code="a">Krüger</subfield>
            <subfield code="D">Horst</subfield>
            <subfield code="0">(RERO)A003477344</subfield>
            <subfield code="4">cre</subfield>
         </datafield>
         <datafield tag="245" ind1="1" ind2="0">
            <subfield code="a">Steuerökonomische Analyse der Verrechnungspreise internationaler Unternehmungen</subfield>
            <subfield code="c">von Horst Krüger</subfield>
         </datafield>
         <datafield tag="264" ind1=" " ind2="1">
            <subfield code="a">Berlin</subfield>
            <subfield code="b">E. Schmidt</subfield>
            <subfield code="c">[1978]</subfield>
         </datafield>
         <datafield tag="264" ind1=" " ind2="4">
            <subfield code="c">© 1978</subfield>
         </datafield>
         <datafield tag="300" ind1=" " ind2=" ">
            <subfield code="a">XVI, 183 S.</subfield>
            <subfield code="c">21 cm</subfield>
         </datafield>
         <datafield tag="490" ind1="1" ind2=" ">
            <subfield code="a">Steuerberatung, Betriebsprüfung, Unternehmensbesteuerung</subfield>
            <subfield code="v">Bd. 5</subfield>
         </datafield>
         <datafield tag="650" ind1=" " ind2="7">
            <subfield code="a">Compensation</subfield>
            <subfield code="0">(RERO)A021020548</subfield>
            <subfield code="2">rero</subfield>
         </datafield>
         <datafield tag="650" ind1=" " ind2="7">
            <subfield code="a">entreprise multinationale</subfield>
            <subfield code="0">(RERO)A009977307</subfield>
            <subfield code="2">rerovoc</subfield>
         </datafield>
         <datafield tag="650" ind1=" " ind2="7">
            <subfield code="a">Impôt</subfield>
            <subfield code="0">(RERO)A021003193</subfield>
            <subfield code="2">rero</subfield>
         </datafield>
         <datafield tag="650" ind1=" " ind2="7">
            <subfield code="a">Droit fiscal (droit international)</subfield>
            <subfield code="0">(RERO)A021015869</subfield>
            <subfield code="2">rero</subfield>
         </datafield>
         <datafield tag="650" ind1=" " ind2="7">
            <subfield code="a">Compensation</subfield>
            <subfield code="2">rero</subfield>
         </datafield>
         <datafield tag="650" ind1=" " ind2="7">
            <subfield code="a">entreprise multinationale</subfield>
            <subfield code="2">rerovoc</subfield>
         </datafield>
         <datafield tag="650" ind1=" " ind2="7">
            <subfield code="a">Impôt</subfield>
            <subfield code="2">rero</subfield>
         </datafield>
         <datafield tag="650" ind1=" " ind2="7">
            <subfield code="a">Droit fiscal (droit international)</subfield>
            <subfield code="2">rero</subfield>
         </datafield>
         <datafield tag="651" ind1=" " ind2="7">
            <subfield code="a">Allemagne fédérale</subfield>
            <subfield code="0">(RERO)A009955866</subfield>
            <subfield code="2">rero</subfield>
         </datafield>
         <datafield tag="651" ind1=" " ind2="7">
            <subfield code="a">Allemagne fédérale</subfield>
            <subfield code="0">(RERO)A009955866</subfield>
            <subfield code="2">rero</subfield>
         </datafield>
         <datafield tag="690" ind1=" " ind2="7">
            <subfield code="B">u</subfield>
            <subfield code="u">LC</subfield>
            <subfield code="a">Interkantonales/Internationales Steuerrecht : Internationales Steuerrecht</subfield>
            <subfield code="2">idssg HD</subfield>
         </datafield>
         <datafield tag="830" ind1=" " ind2="0">
            <subfield code="a">Steuerberatung, Betriebsprüfung, Unternehmensbesteuerung : Schriften zur betriebswirtschaftlichen Steuerlehre</subfield>
            <subfield code="v">5</subfield>
            <subfield code="w">(RERO)000417316</subfield>
         </datafield>
         <datafield tag="950" ind1=" " ind2=" ">
            <subfield code="B">RERO</subfield>
            <subfield code="P">100</subfield>
            <subfield code="E">1-</subfield>
            <subfield code="a">Krüger</subfield>
            <subfield code="D">Horst</subfield>
            <subfield code="0">(RERO)A003477344</subfield>
            <subfield code="4">cre</subfield>
         </datafield>
         <datafield tag="950" ind1=" " ind2=" ">
            <subfield code="B">RERO</subfield>
            <subfield code="P">490</subfield>
            <subfield code="E">1-</subfield>
            <subfield code="a">Steuerberatung, Betriebsprüfung, Unternehmensbesteuerung</subfield>
            <subfield code="v">Bd. 5</subfield>
         </datafield>
         <datafield tag="950" ind1=" " ind2=" ">
            <subfield code="B">RERO</subfield>
            <subfield code="P">830</subfield>
            <subfield code="E">--</subfield>
            <subfield code="a">Steuerberatung, Betriebsprüfung, Unternehmensbesteuerung : Schriften zur betriebswirtschaftlichen Steuerlehre</subfield>
            <subfield code="v">5</subfield>
            <subfield code="w">(RERO)000417316</subfield>
         </datafield>
         <datafield tag="950" ind1=" " ind2=" ">
            <subfield code="B">IDSSG</subfield>
            <subfield code="P">100</subfield>
            <subfield code="E">1-</subfield>
            <subfield code="a">Krüger</subfield>
            <subfield code="D">Horst</subfield>
            <subfield code="e">Geistiger Schöpfer</subfield>
            <subfield code="4">cre</subfield>
         </datafield>
         <datafield tag="950" ind1=" " ind2=" ">
            <subfield code="B">IDSSG</subfield>
            <subfield code="P">490</subfield>
            <subfield code="E">0-</subfield>
            <subfield code="a">Steuerberatung, Betriebsprüfung, Unternehmensbesteuerung</subfield>
            <subfield code="v">Bd. 5</subfield>
         </datafield>
         <datafield tag="898" ind1=" " ind2=" ">
            <subfield code="a">BK020000</subfield>
            <subfield code="b">XK020000</subfield>
            <subfield code="c">XK020000</subfield>
         </datafield>
         <datafield tag="949" ind1=" " ind2=" ">
            <subfield code="B">RERO</subfield>
            <subfield code="F">RE01046</subfield>
            <subfield code="b">RE01046</subfield>
            <subfield code="c">RE010460002</subfield>
            <subfield code="j">FSES M39</subfield>
            <subfield code="s">TEA 1849</subfield>
         </datafield>
         <datafield tag="949" ind1=" " ind2=" ">
            <subfield code="B">IDSSG</subfield>
            <subfield code="F">HIFF</subfield>
            <subfield code="b">HIFF</subfield>
            <subfield code="c">IFF</subfield>
            <subfield code="j">LC 0660</subfield>
         </datafield>
      <datafield tag="690" ind1="H" ind2="D">
            <subfield code="8">LC</subfield>
            <subfield code="a">Interkantonales/Internationales Steuerrecht : Internationales Steuerrecht</subfield>
            <subfield code="2">HSG-IFF</subfield>
        </datafield></record>