<record xmlns:xs="http://www.w3.org/2001/XMLSchema">
         <leader>     cam a22     1  4500</leader>
         <controlfield tag="001">515928682</controlfield>
         <controlfield tag="003">CHVBK</controlfield>
         <controlfield tag="005">20190327190903.0</controlfield>
         <controlfield tag="008">180630s197u    sz     r      00    ger d</controlfield>
         <datafield tag="035" ind1=" " ind2=" ">
            <subfield code="a">(SNL)991000949819703976</subfield>
         </datafield>
         <datafield tag="035" ind1=" " ind2=" ">
            <subfield code="a">(IDSSG)000998563</subfield>
         </datafield>
         <datafield tag="035" ind1=" " ind2=" ">
            <subfield code="a">(Sz)288519-41snl_51</subfield>
         </datafield>
         <datafield tag="035" ind1=" " ind2=" ">
            <subfield code="a">(Sz)vtls000288519</subfield>
         </datafield>
         <datafield tag="035" ind1=" " ind2=" ">
            <subfield code="a">(Sz)000288519</subfield>
         </datafield>
         <datafield tag="040" ind1=" " ind2=" ">
            <subfield code="a">Sz</subfield>
            <subfield code="c">SAZ</subfield>
         </datafield>
         <datafield tag="100" ind1="1" ind2=" ">
            <subfield code="a">Haller</subfield>
            <subfield code="D">Heinz</subfield>
            <subfield code="d">1914-2004</subfield>
            <subfield code="0">(DE-588)118545159</subfield>
         </datafield>
         <datafield tag="245" ind1="1" ind2="0">
            <subfield code="a">Steuerreform und Wirtschaftsordnung</subfield>
            <subfield code="c">von Heinz Haller</subfield>
         </datafield>
         <datafield tag="260" ind1=" " ind2=" ">
            <subfield code="a">Zürich</subfield>
            <subfield code="b">Wirtschaftswissenschaftliches Institut der Universität Zürich</subfield>
            <subfield code="c">[197?].</subfield>
         </datafield>
         <datafield tag="300" ind1=" " ind2=" ">
            <subfield code="a">[21] Bl.</subfield>
            <subfield code="a">S. 94-113</subfield>
            <subfield code="c">21 cm.</subfield>
         </datafield>
         <datafield tag="490" ind1="1" ind2=" ">
            <subfield code="a">Wirtschaftswissenschaftliches Institut der Universität Zürich. Reihe A</subfield>
            <subfield code="v">43</subfield>
         </datafield>
         <datafield tag="500" ind1=" " ind2=" ">
            <subfield code="a">Katalogisiert nach einer xerogr. Reprod.</subfield>
         </datafield>
         <datafield tag="533" ind1=" " ind2=" ">
            <subfield code="a">xerogr. reprod.</subfield>
            <subfield code="b">Bern :</subfield>
            <subfield code="c">Schweizerische Landesbibliothek,</subfield>
            <subfield code="d">[s.d.].</subfield>
         </datafield>
         <datafield tag="583" ind1=" " ind2=" ">
            <subfield code="8">1900240696</subfield>
            <subfield code="a">dea</subfield>
            <subfield code="i">ps</subfield>
            <subfield code="c">NB064-2008</subfield>
            <subfield code="l">nt</subfield>
         </datafield>
         <datafield tag="690" ind1=" " ind2="7">
            <subfield code="B">u</subfield>
            <subfield code="u">TA</subfield>
            <subfield code="a">Sep. 71 Finanz- und Steuerpolitik (Finanzreform) : Sep. 71 Bund</subfield>
            <subfield code="2">idssg HD</subfield>
         </datafield>
         <datafield tag="710" ind1="2" ind2=" ">
            <subfield code="a">Verein zur Förderung der deutschen und europäischen Rechtsentwicklung (Trier)</subfield>
         </datafield>
         <datafield tag="710" ind1="2" ind2=" ">
            <subfield code="a">Universität Zürich</subfield>
            <subfield code="b">Wirtschaftswissenschaftliches Institut</subfield>
            <subfield code="0">(DE-588)11642-7</subfield>
         </datafield>
         <datafield tag="787" ind1="0" ind2=" ">
            <subfield code="t">Bitburger Gespräche</subfield>
            <subfield code="g">Jahrbuch 1972/1973 / Verein zur Förderung der deutschen und europäischen Rechtsentwicklung Trier</subfield>
         </datafield>
         <datafield tag="830" ind1=" " ind2="0">
            <subfield code="a">Wirtschaftswissenschaftliches Institut der Universität Zürich</subfield>
            <subfield code="n">Reihe A</subfield>
            <subfield code="v">43</subfield>
         </datafield>
         <datafield tag="950" ind1=" " ind2=" ">
            <subfield code="B">SNL</subfield>
            <subfield code="P">100</subfield>
            <subfield code="E">1-</subfield>
            <subfield code="a">Haller</subfield>
            <subfield code="D">Heinz</subfield>
            <subfield code="d">1914-2004</subfield>
            <subfield code="0">(DE-588)118545159</subfield>
         </datafield>
         <datafield tag="950" ind1=" " ind2=" ">
            <subfield code="B">SNL</subfield>
            <subfield code="P">490</subfield>
            <subfield code="E">1-</subfield>
            <subfield code="a">Wirtschaftswissenschaftliches Institut der Universität Zürich. Reihe A</subfield>
            <subfield code="v">43</subfield>
         </datafield>
         <datafield tag="950" ind1=" " ind2=" ">
            <subfield code="B">SNL</subfield>
            <subfield code="P">710</subfield>
            <subfield code="E">2-</subfield>
            <subfield code="a">Verein zur Förderung der deutschen und europäischen Rechtsentwicklung (Trier)</subfield>
         </datafield>
         <datafield tag="950" ind1=" " ind2=" ">
            <subfield code="B">SNL</subfield>
            <subfield code="P">710</subfield>
            <subfield code="E">2-</subfield>
            <subfield code="a">Universität Zürich</subfield>
            <subfield code="b">Wirtschaftswissenschaftliches Institut</subfield>
            <subfield code="0">(DE-588)11642-7</subfield>
         </datafield>
         <datafield tag="950" ind1=" " ind2=" ">
            <subfield code="B">SNL</subfield>
            <subfield code="P">787</subfield>
            <subfield code="E">0-</subfield>
            <subfield code="t">Bitburger Gespräche</subfield>
            <subfield code="g">Jahrbuch 1972/1973 / Verein zur Förderung der deutschen und europäischen Rechtsentwicklung Trier</subfield>
         </datafield>
         <datafield tag="950" ind1=" " ind2=" ">
            <subfield code="B">SNL</subfield>
            <subfield code="P">830</subfield>
            <subfield code="E">--</subfield>
            <subfield code="a">Wirtschaftswissenschaftliches Institut der Universität Zürich</subfield>
            <subfield code="n">Reihe A</subfield>
            <subfield code="v">43</subfield>
         </datafield>
         <datafield tag="950" ind1=" " ind2=" ">
            <subfield code="B">IDSSG</subfield>
            <subfield code="P">100</subfield>
            <subfield code="E">1-</subfield>
            <subfield code="a">Haller</subfield>
            <subfield code="D">Heinz</subfield>
            <subfield code="e">Verfasser</subfield>
            <subfield code="4">aut</subfield>
         </datafield>
         <datafield tag="898" ind1=" " ind2=" ">
            <subfield code="a">BK020000</subfield>
            <subfield code="b">XK020000</subfield>
            <subfield code="c">XK020000</subfield>
         </datafield>
         <datafield tag="949" ind1=" " ind2=" ">
            <subfield code="B">SNL</subfield>
            <subfield code="F">NB001</subfield>
            <subfield code="b">NB001</subfield>
            <subfield code="j">P 27920/43</subfield>
            <subfield code="c">NB10011</subfield>
         </datafield>
         <datafield tag="949" ind1=" " ind2=" ">
            <subfield code="B">IDSSG</subfield>
            <subfield code="F">HIFF</subfield>
            <subfield code="b">HIFF</subfield>
            <subfield code="c">BIB</subfield>
            <subfield code="j">TA 175</subfield>
         </datafield>
      <datafield tag="690" ind1="H" ind2="D">
            <subfield code="8">TA</subfield>
            <subfield code="a">Sep. 71 Finanz- und Steuerpolitik (Finanzreform) : Sep. 71 Bund</subfield>
            <subfield code="2">HSG-IFF</subfield>
        </datafield></record>