<record xmlns:xs="http://www.w3.org/2001/XMLSchema">
         <leader>     cam a22     4  4500</leader>
         <controlfield tag="001">549262954</controlfield>
         <controlfield tag="003">CHVBK</controlfield>
         <controlfield tag="005">20190516041516.0</controlfield>
         <controlfield tag="008">971009m19711976gw            00    ger d</controlfield>
         <datafield tag="035" ind1=" " ind2=" ">
            <subfield code="a">(OCoLC)885204027</subfield>
         </datafield>
         <datafield tag="035" ind1=" " ind2=" ">
            <subfield code="a">(IDSSG)000440313</subfield>
         </datafield>
         <datafield tag="035" ind1=" " ind2=" ">
            <subfield code="a">(RERO)vtls002198892</subfield>
         </datafield>
         <datafield tag="040" ind1=" " ind2=" ">
            <subfield code="a">RERO frbcuc</subfield>
            <subfield code="b">ger</subfield>
            <subfield code="d">SzZuIDS HSG</subfield>
            <subfield code="e">kids</subfield>
         </datafield>
         <datafield tag="245" ind1="0" ind2="0">
            <subfield code="a">Zur Steuerreform</subfield>
            <subfield code="c">Institut "Finanzen und Steuern"</subfield>
         </datafield>
         <datafield tag="264" ind1=" " ind2="1">
            <subfield code="a">Bonn</subfield>
            <subfield code="b">Institut Finanzen und Steuern</subfield>
            <subfield code="c">1971-1976</subfield>
         </datafield>
         <datafield tag="300" ind1=" " ind2=" ">
            <subfield code="a">6 Bde.</subfield>
         </datafield>
         <datafield tag="336" ind1=" " ind2=" ">
            <subfield code="a">Text</subfield>
            <subfield code="b">txt</subfield>
            <subfield code="2">rdacontent/ger</subfield>
         </datafield>
         <datafield tag="337" ind1=" " ind2=" ">
            <subfield code="a">ohne Hilfsmittel zu benutzen</subfield>
            <subfield code="b">n</subfield>
            <subfield code="2">rdamedia/ger</subfield>
         </datafield>
         <datafield tag="338" ind1=" " ind2=" ">
            <subfield code="a">Band</subfield>
            <subfield code="b">nc</subfield>
            <subfield code="2">rdacarrier/ger</subfield>
         </datafield>
         <datafield tag="490" ind1="0" ind2=" ">
            <subfield code="a">Schriftenreihe des Instituts "Finanzen und Steuern"</subfield>
            <subfield code="v">H. 100</subfield>
            <subfield code="i">100</subfield>
            <subfield code="w">(IDSSG)000014830</subfield>
            <subfield code="9">031236804</subfield>
         </datafield>
         <datafield tag="505" ind1="0" ind2="0">
            <subfield code="g">Bd. 1</subfield>
            <subfield code="t">Die Vermögenssteuer</subfield>
            <subfield code="r">[Bearb.: Wilhelm Mönter]</subfield>
         </datafield>
         <datafield tag="505" ind1="0" ind2="0">
            <subfield code="g">Bd. 2</subfield>
            <subfield code="t">Die Realsteuern</subfield>
            <subfield code="r">[Bearb.: Karl Korinsky]</subfield>
         </datafield>
         <datafield tag="505" ind1="0" ind2="0">
            <subfield code="g">Bd. 3</subfield>
            <subfield code="t">Die Erbschaftsteuer</subfield>
            <subfield code="r">[Bearb.: Wilhelm Mönter]</subfield>
         </datafield>
         <datafield tag="505" ind1="0" ind2="0">
            <subfield code="g">Bd. 5</subfield>
            <subfield code="t">Probleme der Gewinnermittlung</subfield>
            <subfield code="r">[Bearb.: Ursula Niemann]</subfield>
         </datafield>
         <datafield tag="505" ind1="0" ind2="0">
            <subfield code="g">Bd. 6</subfield>
            <subfield code="t">Die Körperschaftsteuer</subfield>
            <subfield code="r">]</subfield>
         </datafield>
         <datafield tag="650" ind1=" " ind2="7">
            <subfield code="a">Steuerreform</subfield>
            <subfield code="0">(DE-588)4057455-6</subfield>
            <subfield code="2">gnd</subfield>
         </datafield>
         <datafield tag="651" ind1=" " ind2="7">
            <subfield code="a">Deutschland (Bundesrepublik)</subfield>
            <subfield code="0">(DE-588)4011889-7</subfield>
            <subfield code="2">gnd</subfield>
         </datafield>
         <datafield tag="700" ind1="1" ind2=" ">
            <subfield code="a">Mönter</subfield>
            <subfield code="D">Wilhelm</subfield>
         </datafield>
         <datafield tag="700" ind1="1" ind2=" ">
            <subfield code="a">Korinsky</subfield>
            <subfield code="D">Karl</subfield>
         </datafield>
         <datafield tag="700" ind1="1" ind2=" ">
            <subfield code="a">Niemann</subfield>
            <subfield code="D">Ursula</subfield>
         </datafield>
         <datafield tag="710" ind1="2" ind2=" ">
            <subfield code="a">Ifst</subfield>
            <subfield code="0">(DE-588)2013560-9</subfield>
         </datafield>
         <datafield tag="950" ind1=" " ind2=" ">
            <subfield code="B">IDSSG</subfield>
            <subfield code="P">490</subfield>
            <subfield code="E">0-</subfield>
            <subfield code="a">Schriftenreihe des Instituts "Finanzen und Steuern"</subfield>
            <subfield code="v">H. 100</subfield>
            <subfield code="i">100</subfield>
            <subfield code="w">(IDSSG)000014830</subfield>
            <subfield code="9">031236804</subfield>
         </datafield>
         <datafield tag="950" ind1=" " ind2=" ">
            <subfield code="B">IDSSG</subfield>
            <subfield code="P">700</subfield>
            <subfield code="E">1-</subfield>
            <subfield code="a">Mönter</subfield>
            <subfield code="D">Wilhelm</subfield>
         </datafield>
         <datafield tag="950" ind1=" " ind2=" ">
            <subfield code="B">IDSSG</subfield>
            <subfield code="P">700</subfield>
            <subfield code="E">1-</subfield>
            <subfield code="a">Korinsky</subfield>
            <subfield code="D">Karl</subfield>
         </datafield>
         <datafield tag="950" ind1=" " ind2=" ">
            <subfield code="B">IDSSG</subfield>
            <subfield code="P">700</subfield>
            <subfield code="E">1-</subfield>
            <subfield code="a">Niemann</subfield>
            <subfield code="D">Ursula</subfield>
         </datafield>
         <datafield tag="950" ind1=" " ind2=" ">
            <subfield code="B">IDSSG</subfield>
            <subfield code="P">710</subfield>
            <subfield code="E">2-</subfield>
            <subfield code="a">Ifst</subfield>
            <subfield code="0">(DE-588)2013560-9</subfield>
         </datafield>
         <datafield tag="898" ind1=" " ind2=" ">
            <subfield code="a">BK020000</subfield>
            <subfield code="b">XK020000</subfield>
            <subfield code="c">XK020000</subfield>
         </datafield>
         <datafield tag="949" ind1=" " ind2=" ">
            <subfield code="B">IDSSG</subfield>
            <subfield code="F">HSG</subfield>
            <subfield code="b">SGSBI</subfield>
            <subfield code="c">BURON</subfield>
            <subfield code="j">+Vwl P .893/100,1</subfield>
            <subfield code="z">Bd. 1 (1971)</subfield>
         </datafield>
         <datafield tag="949" ind1=" " ind2=" ">
            <subfield code="B">IDSSG</subfield>
            <subfield code="F">HSG</subfield>
            <subfield code="b">SGSBI</subfield>
            <subfield code="c">BURON</subfield>
            <subfield code="j">+Vwl P .893/100,2</subfield>
            <subfield code="z">Bd. 2 (1972)</subfield>
         </datafield>
         <datafield tag="949" ind1=" " ind2=" ">
            <subfield code="B">IDSSG</subfield>
            <subfield code="F">HSG</subfield>
            <subfield code="b">SGSBI</subfield>
            <subfield code="c">BURON</subfield>
            <subfield code="j">+Vwl P .893/100,3</subfield>
            <subfield code="z">Bd. 3 (1972)</subfield>
         </datafield>
         <datafield tag="949" ind1=" " ind2=" ">
            <subfield code="B">IDSSG</subfield>
            <subfield code="F">HSG</subfield>
            <subfield code="b">SGSBI</subfield>
            <subfield code="c">BURON</subfield>
            <subfield code="j">+Vwl P .893/100,5</subfield>
            <subfield code="z">Bd. 5 (1974)</subfield>
         </datafield>
         <datafield tag="949" ind1=" " ind2=" ">
            <subfield code="B">IDSSG</subfield>
            <subfield code="F">HSG</subfield>
            <subfield code="b">SGSBI</subfield>
            <subfield code="c">BURON</subfield>
            <subfield code="j">+Vwl P .893/100,6</subfield>
            <subfield code="z">Bd. 6 (1976)</subfield>
         </datafield>
         <datafield tag="949" ind1=" " ind2=" ">
            <subfield code="B">IDSSG</subfield>
            <subfield code="F">HIFF</subfield>
            <subfield code="b">HIFF</subfield>
            <subfield code="c">IFF</subfield>
            <subfield code="j">Z 152 100.2</subfield>
         </datafield>
         <datafield tag="949" ind1=" " ind2=" ">
            <subfield code="B">IDSSG</subfield>
            <subfield code="F">HIFF</subfield>
            <subfield code="b">HIFF</subfield>
            <subfield code="c">IFF</subfield>
            <subfield code="j">Z 152 125</subfield>
         </datafield>
         <datafield tag="949" ind1=" " ind2=" ">
            <subfield code="B">IDSSG</subfield>
            <subfield code="F">HIFF</subfield>
            <subfield code="b">HIFF</subfield>
            <subfield code="c">IFF</subfield>
            <subfield code="j">Z 153 091</subfield>
         </datafield>
         <datafield tag="949" ind1=" " ind2=" ">
            <subfield code="B">IDSSG</subfield>
            <subfield code="F">HIFF</subfield>
            <subfield code="b">HIFF</subfield>
            <subfield code="c">IFF</subfield>
            <subfield code="j">Z 152 100.3</subfield>
         </datafield>
      <datafield tag="690" ind1="H" ind2="D">
            <subfield code="8">PK</subfield>
            <subfield code="a">Einkommen- und Vermögensteuern, Ertrag- und Kapitalsteuern : Besteuerung juristischer Personen, Kapitalgesellschaften</subfield>
            <subfield code="2">HSG-IFF</subfield>
        </datafield></record>