<record xmlns:xs="http://www.w3.org/2001/XMLSchema">
         <leader>     nam a22     7  4500</leader>
         <controlfield tag="001">567009874</controlfield>
         <controlfield tag="003">CHVBK</controlfield>
         <controlfield tag="005">20190608100122.0</controlfield>
         <controlfield tag="008">190608s1972    xxk           00    eng d</controlfield>
         <datafield tag="020" ind1=" " ind2=" ">
            <subfield code="a">0-17-761015-8</subfield>
         </datafield>
         <datafield tag="035" ind1=" " ind2=" ">
            <subfield code="a">(RERO)R003219262</subfield>
         </datafield>
         <datafield tag="035" ind1=" " ind2=" ">
            <subfield code="a">(IDSSG)000999758</subfield>
         </datafield>
         <datafield tag="035" ind1=" " ind2=" ">
            <subfield code="a">(RERO)R003219262</subfield>
         </datafield>
         <datafield tag="040" ind1=" " ind2=" ">
            <subfield code="a">RERO frbcuc</subfield>
         </datafield>
         <datafield tag="072" ind1=" " ind2="7">
            <subfield code="a">s1se</subfield>
            <subfield code="2">rero</subfield>
         </datafield>
         <datafield tag="100" ind1="1" ind2=" ">
            <subfield code="a">Cope</subfield>
            <subfield code="D">John Michael</subfield>
            <subfield code="0">(RERO)A008880114</subfield>
            <subfield code="4">cre</subfield>
         </datafield>
         <datafield tag="245" ind1="1" ind2="0">
            <subfield code="a">Business taxation</subfield>
            <subfield code="c">J.M. Cope</subfield>
         </datafield>
         <datafield tag="264" ind1=" " ind2="1">
            <subfield code="a">London</subfield>
            <subfield code="b">Nelson</subfield>
            <subfield code="c">1972</subfield>
         </datafield>
         <datafield tag="300" ind1=" " ind2=" ">
            <subfield code="a">328 p.</subfield>
            <subfield code="c">24 cm</subfield>
         </datafield>
         <datafield tag="690" ind1=" " ind2="7">
            <subfield code="B">u</subfield>
            <subfield code="u">TA</subfield>
            <subfield code="a">Sep. 71 Finanz- und Steuerpolitik (Finanzreform) : Sep. 71 Bund</subfield>
            <subfield code="2">idssg HD</subfield>
         </datafield>
         <datafield tag="950" ind1=" " ind2=" ">
            <subfield code="B">RERO</subfield>
            <subfield code="P">100</subfield>
            <subfield code="E">1-</subfield>
            <subfield code="a">Cope</subfield>
            <subfield code="D">John Michael</subfield>
            <subfield code="0">(RERO)A008880114</subfield>
            <subfield code="4">cre</subfield>
         </datafield>
         <datafield tag="950" ind1=" " ind2=" ">
            <subfield code="B">IDSSG</subfield>
            <subfield code="P">100</subfield>
            <subfield code="E">1-</subfield>
            <subfield code="a">Cope</subfield>
            <subfield code="D">John Michael</subfield>
            <subfield code="e">Geistiger Schöpfer</subfield>
            <subfield code="4">cre</subfield>
         </datafield>
         <datafield tag="898" ind1=" " ind2=" ">
            <subfield code="a">BK020000</subfield>
            <subfield code="b">XK020000</subfield>
            <subfield code="c">XK020000</subfield>
         </datafield>
         <datafield tag="949" ind1=" " ind2=" ">
            <subfield code="B">RERO</subfield>
            <subfield code="F">RE01003</subfield>
            <subfield code="b">RE01003</subfield>
            <subfield code="c">RE010030001</subfield>
            <subfield code="j">ISES K-29*4</subfield>
         </datafield>
         <datafield tag="949" ind1=" " ind2=" ">
            <subfield code="B">IDSSG</subfield>
            <subfield code="F">HIFF</subfield>
            <subfield code="b">HIFF</subfield>
            <subfield code="c">IFF</subfield>
            <subfield code="j">TA 143</subfield>
         </datafield>
      <datafield tag="690" ind1="H" ind2="D">
            <subfield code="8">TA</subfield>
            <subfield code="a">Sep. 71 Finanz- und Steuerpolitik (Finanzreform) : Sep. 71 Bund</subfield>
            <subfield code="2">HSG-IFF</subfield>
        </datafield></record>