<record xmlns:xs="http://www.w3.org/2001/XMLSchema">
         <leader>     cam a22     u  4500</leader>
         <controlfield tag="001">268697590</controlfield>
         <controlfield tag="003">CHVBK</controlfield>
         <controlfield tag="005">20190623210042.0</controlfield>
         <controlfield tag="008">130817s1975    gw       m    00    ger d</controlfield>
         <datafield tag="019" ind1=" " ind2=" ">
            <subfield code="a">Catalogage d'après ancienne fiche</subfield>
            <subfield code="5">frbcuc/2011/medea</subfield>
         </datafield>
         <datafield tag="035" ind1=" " ind2=" ">
            <subfield code="a">(IDSBB)001595193</subfield>
         </datafield>
         <datafield tag="035" ind1=" " ind2=" ">
            <subfield code="a">(NEBIS)006889065</subfield>
         </datafield>
         <datafield tag="035" ind1=" " ind2=" ">
            <subfield code="a">(RERO)R005904038</subfield>
         </datafield>
         <datafield tag="035" ind1=" " ind2=" ">
            <subfield code="a">(IDSSG)000999811</subfield>
         </datafield>
         <datafield tag="035" ind1=" " ind2=" ">
            <subfield code="a">(OCoLC)718423831</subfield>
         </datafield>
         <datafield tag="035" ind1=" " ind2=" ">
            <subfield code="a">(NEBIS)006889065</subfield>
         </datafield>
         <datafield tag="035" ind1=" " ind2=" ">
            <subfield code="a">(RERO)R005904038</subfield>
         </datafield>
         <datafield tag="035" ind1=" " ind2=" ">
            <subfield code="a">(IDSSG)000999811</subfield>
         </datafield>
         <datafield tag="035" ind1=" " ind2=" ">
            <subfield code="a">(IDSBB)001595193</subfield>
         </datafield>
         <datafield tag="040" ind1=" " ind2=" ">
            <subfield code="a">SzZuIDS BS/BE B400</subfield>
            <subfield code="b">ger</subfield>
            <subfield code="e">kids</subfield>
         </datafield>
         <datafield tag="072" ind1=" " ind2="7">
            <subfield code="a">s1zz</subfield>
            <subfield code="2">rero</subfield>
         </datafield>
         <datafield tag="082" ind1="0" ind2="4">
            <subfield code="a">346/.43/092</subfield>
         </datafield>
         <datafield tag="082" ind1="1" ind2=" ">
            <subfield code="a">340</subfield>
            <subfield code="2">15</subfield>
         </datafield>
         <datafield tag="084" ind1=" " ind2=" ">
            <subfield code="a">PE 355</subfield>
            <subfield code="2">rvk</subfield>
         </datafield>
         <datafield tag="100" ind1="1" ind2=" ">
            <subfield code="a">Graue</subfield>
            <subfield code="D">Wulf</subfield>
         </datafield>
         <datafield tag="245" ind1="1" ind2="4">
            <subfield code="a">Die Rechtsstellung des Finanzmaklers</subfield>
            <subfield code="c">Wulf Graue</subfield>
         </datafield>
         <datafield tag="264" ind1=" " ind2="1">
            <subfield code="a">[Erscheinungsort nicht ermittelbar]</subfield>
            <subfield code="b">[Verlag nicht ermittelbar]</subfield>
            <subfield code="c">1975</subfield>
         </datafield>
         <datafield tag="300" ind1=" " ind2=" ">
            <subfield code="a">1 Bd.</subfield>
         </datafield>
         <datafield tag="502" ind1=" " ind2=" ">
            <subfield code="a">Diss. iur. Köln, 1975</subfield>
         </datafield>
         <datafield tag="650" ind1=" " ind2="7">
            <subfield code="a">Finanzmakler</subfield>
            <subfield code="0">(DE-588)4154420-1</subfield>
            <subfield code="2">gnd</subfield>
         </datafield>
         <datafield tag="650" ind1=" " ind2="7">
            <subfield code="a">Rechtsstellung</subfield>
            <subfield code="0">(DE-588)4134078-4</subfield>
            <subfield code="2">gnd</subfield>
         </datafield>
         <datafield tag="650" ind1=" " ind2="0">
            <subfield code="a">Brokers</subfield>
            <subfield code="z">Germany (West)</subfield>
         </datafield>
         <datafield tag="650" ind1=" " ind2="0">
            <subfield code="a">Investments</subfield>
            <subfield code="x">Law and legislation</subfield>
            <subfield code="z">Germany (West)</subfield>
         </datafield>
         <datafield tag="655" ind1=" " ind2="7">
            <subfield code="a">Hochschulschrift</subfield>
            <subfield code="2">gnd-content</subfield>
         </datafield>
         <datafield tag="690" ind1=" " ind2="7">
            <subfield code="B">u</subfield>
            <subfield code="u">WD</subfield>
            <subfield code="a">Sep. 08 Uebrige Literatur : Sep. 08 Diverse Gebiete, Umweltschutz</subfield>
            <subfield code="2">idssg HD</subfield>
         </datafield>
         <datafield tag="908" ind1=" " ind2=" ">
            <subfield code="D">1</subfield>
            <subfield code="a">Hochschulschrift = Thèse/Mémoire</subfield>
         </datafield>
         <datafield tag="909" ind1=" " ind2="7">
            <subfield code="a">MedeaZBZDiss</subfield>
            <subfield code="2">idszbz ZR</subfield>
         </datafield>
         <datafield tag="912" ind1=" " ind2="7">
            <subfield code="a">rw</subfield>
            <subfield code="2">SzZuIDS BS/BE</subfield>
         </datafield>
         <datafield tag="950" ind1=" " ind2=" ">
            <subfield code="B">IDSBB</subfield>
            <subfield code="P">100</subfield>
            <subfield code="E">1-</subfield>
            <subfield code="a">Graue</subfield>
            <subfield code="D">Wulf</subfield>
         </datafield>
         <datafield tag="950" ind1=" " ind2=" ">
            <subfield code="B">NEBIS</subfield>
            <subfield code="P">100</subfield>
            <subfield code="E">1-</subfield>
            <subfield code="a">Graue</subfield>
            <subfield code="D">Wulf</subfield>
         </datafield>
         <datafield tag="950" ind1=" " ind2=" ">
            <subfield code="B">RERO</subfield>
            <subfield code="P">100</subfield>
            <subfield code="E">1-</subfield>
            <subfield code="a">Graue</subfield>
            <subfield code="D">Wulf</subfield>
            <subfield code="0">(RERO)A018440490</subfield>
            <subfield code="4">cre</subfield>
         </datafield>
         <datafield tag="950" ind1=" " ind2=" ">
            <subfield code="B">IDSSG</subfield>
            <subfield code="P">100</subfield>
            <subfield code="E">1-</subfield>
            <subfield code="a">Graue</subfield>
            <subfield code="D">Wulf</subfield>
            <subfield code="e">Verfasser</subfield>
            <subfield code="4">aut</subfield>
         </datafield>
         <datafield tag="898" ind1=" " ind2=" ">
            <subfield code="a">BK020300</subfield>
            <subfield code="b">XK020000</subfield>
            <subfield code="c">XK020000</subfield>
         </datafield>
         <datafield tag="949" ind1=" " ind2=" ">
            <subfield code="B">NEBIS</subfield>
            <subfield code="F">Z01</subfield>
            <subfield code="b">Z01</subfield>
            <subfield code="c">05</subfield>
            <subfield code="j">UnD 1975: 3067</subfield>
         </datafield>
         <datafield tag="949" ind1=" " ind2=" ">
            <subfield code="B">RERO</subfield>
            <subfield code="F">RE01001</subfield>
            <subfield code="b">RE01001</subfield>
            <subfield code="c">RE010010001</subfield>
            <subfield code="j">UD 75.719</subfield>
         </datafield>
         <datafield tag="949" ind1=" " ind2=" ">
            <subfield code="B">IDSBB</subfield>
            <subfield code="F">B400</subfield>
            <subfield code="b">B400</subfield>
            <subfield code="c">400F3</subfield>
            <subfield code="j">BeM ZB Jus var 36023</subfield>
            <subfield code="x">Akz: be/stub/u</subfield>
         </datafield>
         <datafield tag="949" ind1=" " ind2=" ">
            <subfield code="B">IDSSG</subfield>
            <subfield code="F">HIFF</subfield>
            <subfield code="b">HIFF</subfield>
            <subfield code="c">IFF</subfield>
            <subfield code="j">WD 159</subfield>
         </datafield>
      <datafield tag="690" ind1="H" ind2="D">
            <subfield code="8">WD</subfield>
            <subfield code="a">Sep. 08 Uebrige Literatur : Sep. 08 Diverse Gebiete, Umweltschutz</subfield>
            <subfield code="2">HSG-IFF</subfield>
        </datafield></record>