<record xmlns:xs="http://www.w3.org/2001/XMLSchema">
         <leader>     cam a22     4  4500</leader>
         <controlfield tag="001">515923923</controlfield>
         <controlfield tag="003">CHVBK</controlfield>
         <controlfield tag="005">20190608095108.0</controlfield>
         <controlfield tag="008">180630s2006    au            00    ger  </controlfield>
         <datafield tag="020" ind1=" " ind2=" ">
            <subfield code="a">3-7073-0720-4</subfield>
         </datafield>
         <datafield tag="035" ind1=" " ind2=" ">
            <subfield code="a">(LIBIB)000265186</subfield>
         </datafield>
         <datafield tag="035" ind1=" " ind2=" ">
            <subfield code="a">(IDSSG)000999881</subfield>
         </datafield>
         <datafield tag="035" ind1=" " ind2=" ">
            <subfield code="a">(LIBIB)000265186</subfield>
         </datafield>
         <datafield tag="035" ind1=" " ind2=" ">
            <subfield code="a">(IDSSG)000999881</subfield>
         </datafield>
         <datafield tag="040" ind1=" " ind2=" ">
            <subfield code="a">LI-VaLIL FLFHL</subfield>
         </datafield>
         <datafield tag="091" ind1=" " ind2=" ">
            <subfield code="a">AT0015FC15815DD0DF75EC12571550053EF10</subfield>
         </datafield>
         <datafield tag="100" ind1="1" ind2=" ">
            <subfield code="a">Gläser</subfield>
            <subfield code="D">Lars</subfield>
         </datafield>
         <datafield tag="245" ind1="1" ind2="0">
            <subfield code="a">Handbuch der EU-Quellensteuer</subfield>
            <subfield code="b">Leitfaden für Wissenschaft und Praxis</subfield>
            <subfield code="c">von Lars Gläser</subfield>
         </datafield>
         <datafield tag="260" ind1=" " ind2=" ">
            <subfield code="a">Wien</subfield>
            <subfield code="b">Linde</subfield>
            <subfield code="c">2006</subfield>
         </datafield>
         <datafield tag="300" ind1=" " ind2=" ">
            <subfield code="a">407 S.</subfield>
         </datafield>
         <datafield tag="490" ind1="0" ind2=" ">
            <subfield code="a">Fachbuch Steuern</subfield>
            <subfield code="w">(LIBIB)000202479</subfield>
            <subfield code="9">323870635</subfield>
         </datafield>
         <datafield tag="690" ind1=" " ind2="7">
            <subfield code="B">u</subfield>
            <subfield code="a">Kapitalertragsteuer; Zins; Fond; Gesetz; Quellensteuer; Garantie; Behandlung; Abkommen; Unternehmensbesteuerung; Aufstockung; Auslegung; Klassifikation; Rechtsdurchsetzung; Einkommensteuerrecht; natürliche Person; Anderkonto; Rechtsprechung; Regelung; EU; Verzeichnis; Eingetragene Genossenschaft; Doppelbesteuerung</subfield>
            <subfield code="2">ids J1</subfield>
         </datafield>
         <datafield tag="690" ind1=" " ind2="7">
            <subfield code="B">u</subfield>
            <subfield code="a">Kapitalgarantie; Fondsertrag; Nicht-OGAW-Fonds; Zinsertrag; Zinszahlung; Fondsklassifikation; Spekulationsertragsteuer; Abkommensregelung; Eu-Quellensteuergesetz; Mehrbelastung; Informationsverfahren; Offenlegungserklärung; Quellensteuerverfahren; Zahlstellenprinzip; Zinsenbesteuerung; Abkürzungsverzeichnis; Inhaltsverzeichnis; Literaturverzeichnis; Stichwortverzeichnis; Anwendungsbereich; Begriffsinhalt; Depotübertrag; EU-Ausland; Ertragsbestandteil; Eu-Quellensteuerpflicht; Informationsaustausch; Koexistenzmodell; Leitfaden; Maßgabe; Mitgliedstaat; Quellensteuerabzug; Rechtsqualität; Rechtsverhältnis; Regelungsinhalt; Richtlinienvorschlag; Schuldtitel; Wahlmöglichkeit; Wohnsitz; Zinsbegriff; Übergangszeitraum</subfield>
            <subfield code="2">ids J2</subfield>
         </datafield>
         <datafield tag="690" ind1=" " ind2="7">
            <subfield code="B">u</subfield>
            <subfield code="a">andere Person; formeller Begriffsinhalt; abhängig Assozü; allgemeine Vorschrift; ander Quellcnsteuern; anderer Staat; ausschüttender Fond; ausschüttungsgleicher Zinsertrag; effektives Stück; erster Richtlinienvorschlag; europarechtliche Vorgabe; formeller Zinsbegriff; gemeinsame Anlage; inländische Zahlstelle; koordinierte Besteuerung; materieller Begriffsinhalt; materieller Zinsbegriff; niederländische Antillen; privilegierter Anleger; rechtlicher Rahmen; schweizer Wegleitung; thesaurierender Fond; umlauffähiger Schuldtitel; vereinfachter Informationsaustausch; verfassungsrechtlicher Aspekt; vertragliche Beziehung; wirtschaftlicher Eigentümer; wirtschaftliche Eigentümerschaft; zugelassen OGAW; zusammenfassende Darstellung; zweiter Richtlinienvorschlag</subfield>
            <subfield code="2">ids J3</subfield>
         </datafield>
         <datafield tag="690" ind1=" " ind2="7">
            <subfield code="B">u</subfield>
            <subfield code="a">Anfangliche Hannonisicrungsbestrebungen; Assozü erten Gei eten; B. Abkommen; B. Identität; B. Steuersatz; B. Vermeidung; B. Zahlstelle; B. Zinsen; C. Belgien; C. Drittstaatenabkommen; C. Zahlstelle; C. Zahlung; C. Zeitpunkt; D. Abkommen; D. Andorra; D. Fonds; D. Rückgängigmachung; E. Abfuhr Wciterleitung; E. British Virgin; E. Nicht-OGAW-Fonds; F. Ausnahmen; F. Qualifikationsunterschiede; G. Verhältnis; Mag. Lars Gläser Universität Linz; Marino Schweiz; niederländisch Antillen Turks</subfield>
            <subfield code="2">ids J5</subfield>
         </datafield>
         <datafield tag="690" ind1=" " ind2="7">
            <subfield code="B">u</subfield>
            <subfield code="u">KA</subfield>
            <subfield code="a">Ausländisches Steuerrecht : Staatenverbände, Staatengruppen</subfield>
            <subfield code="2">idssg HD</subfield>
         </datafield>
         <datafield tag="691" ind1=" " ind2="7">
            <subfield code="B">u</subfield>
            <subfield code="u">PS 3940</subfield>
            <subfield code="a">Steuerrecht, Europa</subfield>
            <subfield code="2">libib XF</subfield>
         </datafield>
         <datafield tag="856" ind1=" " ind2=" ">
            <subfield code="a">http://doc1.lbfl.li</subfield>
            <subfield code="d">/aap/</subfield>
            <subfield code="f">FLMF015844.pdf</subfield>
            <subfield code="u">http://doc1.lbfl.li/aap/FLMF015844.pdf</subfield>
            <subfield code="z">Inhaltsverzeichnis (pdf)</subfield>
            <subfield code="2">file</subfield>
            <subfield code="3">Inhaltsverzeichnis</subfield>
         </datafield>
         <datafield tag="912" ind1=" " ind2="7">
            <subfield code="a">rs</subfield>
            <subfield code="2">FL</subfield>
         </datafield>
         <datafield tag="950" ind1=" " ind2=" ">
            <subfield code="B">LIBIB</subfield>
            <subfield code="P">100</subfield>
            <subfield code="E">1-</subfield>
            <subfield code="a">Gläser</subfield>
            <subfield code="D">Lars</subfield>
         </datafield>
         <datafield tag="950" ind1=" " ind2=" ">
            <subfield code="B">LIBIB</subfield>
            <subfield code="P">490</subfield>
            <subfield code="E">--</subfield>
            <subfield code="a">Fachbuch Steuern</subfield>
            <subfield code="w">(LIBIB)000202479</subfield>
            <subfield code="9">323870635</subfield>
         </datafield>
         <datafield tag="950" ind1=" " ind2=" ">
            <subfield code="B">LIBIB</subfield>
            <subfield code="P">856</subfield>
            <subfield code="E">--</subfield>
            <subfield code="a">http://doc1.lbfl.li</subfield>
            <subfield code="d">/aap</subfield>
            <subfield code="f">FLMF015844.pdf</subfield>
            <subfield code="u">http://doc1.lbfl.li/aap/FLMF015844.pdf</subfield>
            <subfield code="z">Inhaltsverzeichnis (pdf)</subfield>
            <subfield code="2">file</subfield>
            <subfield code="3">Inhaltsverzeichnis</subfield>
         </datafield>
         <datafield tag="950" ind1=" " ind2=" ">
            <subfield code="B">IDSSG</subfield>
            <subfield code="P">100</subfield>
            <subfield code="E">1-</subfield>
            <subfield code="a">Gläser</subfield>
            <subfield code="D">Lars</subfield>
            <subfield code="e">Verfasser</subfield>
            <subfield code="4">aut</subfield>
         </datafield>
         <datafield tag="950" ind1=" " ind2=" ">
            <subfield code="B">IDSSG</subfield>
            <subfield code="P">490</subfield>
            <subfield code="E">0-</subfield>
            <subfield code="a">Fachbuch Steuern</subfield>
         </datafield>
         <datafield tag="898" ind1=" " ind2=" ">
            <subfield code="a">BK020000</subfield>
            <subfield code="b">XK020000</subfield>
            <subfield code="c">XK020000</subfield>
         </datafield>
         <datafield tag="949" ind1=" " ind2=" ">
            <subfield code="B">IDSSG</subfield>
            <subfield code="F">HIFF</subfield>
            <subfield code="b">HIFF</subfield>
            <subfield code="c">TAX</subfield>
            <subfield code="j">KA 184</subfield>
         </datafield>
         <datafield tag="949" ind1=" " ind2=" ">
            <subfield code="B">LIBIB</subfield>
            <subfield code="F">FLFHL</subfield>
            <subfield code="b">FLFHL</subfield>
            <subfield code="c">FHLMA</subfield>
            <subfield code="j">PS 3940 G543</subfield>
            <subfield code="x">NELFLFHL0704</subfield>
         </datafield>
      <datafield tag="690" ind1="H" ind2="D">
            <subfield code="8">KA</subfield>
            <subfield code="a">Ausländisches Steuerrecht : Staatenverbände, Staatengruppen</subfield>
            <subfield code="2">HSG-IFF</subfield>
        </datafield></record>