<record xmlns:xs="http://www.w3.org/2001/XMLSchema">
         <leader>     cam a22     4  4500</leader>
         <controlfield tag="001">271559284</controlfield>
         <controlfield tag="003">CHVBK</controlfield>
         <controlfield tag="005">20190608103240.0</controlfield>
         <controlfield tag="008">130817s2005    gw            00    ger  </controlfield>
         <datafield tag="020" ind1=" " ind2=" ">
            <subfield code="a">3-504-26038-6</subfield>
         </datafield>
         <datafield tag="035" ind1=" " ind2=" ">
            <subfield code="a">(LIBIB)000249925</subfield>
         </datafield>
         <datafield tag="035" ind1=" " ind2=" ">
            <subfield code="a">(IDSBB)003710557</subfield>
         </datafield>
         <datafield tag="035" ind1=" " ind2=" ">
            <subfield code="a">(NEBIS)005038658</subfield>
         </datafield>
         <datafield tag="035" ind1=" " ind2=" ">
            <subfield code="a">(RERO)R003953748</subfield>
         </datafield>
         <datafield tag="040" ind1=" " ind2=" ">
            <subfield code="a">LI-VaLIL FLLB</subfield>
         </datafield>
         <datafield tag="072" ind1=" " ind2="7">
            <subfield code="a">s1dr</subfield>
            <subfield code="2">rero</subfield>
         </datafield>
         <datafield tag="082" ind1="0" ind2=" ">
            <subfield code="a">343.4305248</subfield>
            <subfield code="2">20</subfield>
         </datafield>
         <datafield tag="082" ind1="0" ind2=" ">
            <subfield code="a">344.3035248</subfield>
            <subfield code="2">20</subfield>
         </datafield>
         <datafield tag="082" ind1="1" ind2=" ">
            <subfield code="a">340</subfield>
            <subfield code="2">15</subfield>
         </datafield>
         <datafield tag="082" ind1="0" ind2=" ">
            <subfield code="a">343.4305268</subfield>
            <subfield code="2">21</subfield>
         </datafield>
         <datafield tag="084" ind1=" " ind2=" ">
            <subfield code="a">PP 4064</subfield>
            <subfield code="2">rvk</subfield>
         </datafield>
         <datafield tag="084" ind1=" " ind2=" ">
            <subfield code="a">PP 4065</subfield>
            <subfield code="2">rvk</subfield>
         </datafield>
         <datafield tag="084" ind1=" " ind2=" ">
            <subfield code="a">PP 6725</subfield>
            <subfield code="2">rvk</subfield>
         </datafield>
         <datafield tag="084" ind1=" " ind2=" ">
            <subfield code="a">PP 8080</subfield>
            <subfield code="2">rvk</subfield>
         </datafield>
         <datafield tag="084" ind1=" " ind2=" ">
            <subfield code="a">QL 530</subfield>
            <subfield code="2">rvk</subfield>
         </datafield>
         <datafield tag="084" ind1=" " ind2=" ">
            <subfield code="a">QL 800</subfield>
            <subfield code="2">rvk</subfield>
         </datafield>
         <datafield tag="091" ind1=" " ind2=" ">
            <subfield code="a">DE001F68438EEF2254AB5C12570DD002BD23A</subfield>
         </datafield>
         <datafield tag="245" ind1="0" ind2="0">
            <subfield code="a">Steuerrecht international tätiger Unternehmen</subfield>
            <subfield code="b">Handbuch der Besteuerung von Auslandsaktivitäten inländischer Unternehmen und von Inlandsaktivitäten ausländischer Unternehmen</subfield>
            <subfield code="c">von Jörg Manfred Mössner ... [et al.]</subfield>
         </datafield>
         <datafield tag="250" ind1=" " ind2=" ">
            <subfield code="a">3., völlig überarb. und erw. Aufl</subfield>
         </datafield>
         <datafield tag="260" ind1=" " ind2=" ">
            <subfield code="a">Köln</subfield>
            <subfield code="b">Schmidt</subfield>
            <subfield code="c">2005</subfield>
         </datafield>
         <datafield tag="300" ind1=" " ind2=" ">
            <subfield code="a">1102 S.</subfield>
            <subfield code="b">Ill.</subfield>
         </datafield>
         <datafield tag="650" ind1=" " ind2="7">
            <subfield code="a">Unternehmenssteuern</subfield>
            <subfield code="z">Deutschland (BRD)</subfield>
            <subfield code="2">idsbb</subfield>
         </datafield>
         <datafield tag="650" ind1=" " ind2="7">
            <subfield code="a">Internationales Steuerrecht</subfield>
            <subfield code="z">Deutschland (BRD)</subfield>
            <subfield code="2">idsbb</subfield>
         </datafield>
         <datafield tag="650" ind1=" " ind2="7">
            <subfield code="a">Internationale Doppelbesteuerung</subfield>
            <subfield code="z">Deutschland (BRD)</subfield>
            <subfield code="2">idsbb</subfield>
         </datafield>
         <datafield tag="650" ind1=" " ind2="7">
            <subfield code="a">Internationales Steuerrecht</subfield>
            <subfield code="0">(DE-588)4027451-2</subfield>
            <subfield code="2">gnd</subfield>
         </datafield>
         <datafield tag="650" ind1=" " ind2="7">
            <subfield code="a">Multinationales Unternehmen</subfield>
            <subfield code="0">(DE-588)4075092-9</subfield>
            <subfield code="2">gnd</subfield>
         </datafield>
         <datafield tag="650" ind1=" " ind2="7">
            <subfield code="a">Internationales Steuerrecht</subfield>
            <subfield code="2">idszbz</subfield>
         </datafield>
         <datafield tag="650" ind1=" " ind2="7">
            <subfield code="a">Multinationales Unternehmen</subfield>
            <subfield code="2">idszbz</subfield>
         </datafield>
         <datafield tag="651" ind1=" " ind2="7">
            <subfield code="a">Deutschland</subfield>
            <subfield code="0">(DE-588)4011882-4</subfield>
            <subfield code="2">gnd</subfield>
         </datafield>
         <datafield tag="651" ind1=" " ind2="7">
            <subfield code="a">Deutschland</subfield>
            <subfield code="2">idszbz</subfield>
         </datafield>
         <datafield tag="655" ind1=" " ind2="7">
            <subfield code="a">Handbuch</subfield>
            <subfield code="2">idszbz</subfield>
         </datafield>
         <datafield tag="690" ind1=" " ind2="7">
            <subfield code="B">u</subfield>
            <subfield code="a">Doppelbesteuerung; Rechtsanwalt; Unternehmen; Verfahrensrecht; Kriterium; direkte Steuer; Umsatzsteuer; Beteiligung; Hochschullehrer; Bonn; Gewinnermittlung; Koordination; Dienstleistung; Hochschule; Invalidenversicherung; Staatsvertrag; Kapitalgesellschaft; Personengesellschaft</subfield>
            <subfield code="2">ids J1</subfield>
         </datafield>
         <datafield tag="690" ind1=" " ind2="7">
            <subfield code="B">u</subfield>
            <subfield code="a">Anknüpfungskriterium; Umsatzsteuerrecht; Steuerverfahren; Verständigungsverfahren; Auslandsaktivität; Auslandsberührung; Einkunftsabgrenzung; Gesamtentwicklung; Honorarprofessor; Rechtshilfe; Steuerkoordination; Abkürzungsverzeichnis; Basisgesellschaft; Fachanwalt; Inlandsaktivität; Literaturverzeichnis; Stichwortverzeichnis; Auskunftsaustausch; Diplom-Kaufmann; Inhaltsübersicht; Leistungsempfänger; Steuerberater; Steuerhoheit; Steuerraum; Steuerstrafsache; Unternehmenstätigkeit</subfield>
            <subfield code="2">ids J2</subfield>
         </datafield>
         <datafield tag="690" ind1=" " ind2="7">
            <subfield code="B">u</subfield>
            <subfield code="a">steuerfreier Umsatz; überarbeitete Auflage; allgemeiner Grundsatz; ansässiger Unternehmer; ausländischer Gesellschafter; ausländische Kapitalgesellschaft; ausländische Personengesellschaft; ausländisches Unternehmen; deutsche Steuerhoheit; deutsches Verfahrensrecht; direkte Besteuerung; erweiterte Auflage; europäische Gemeinschaft; inländische Kapitalgesellschaft; inländische Personengesellschaft; inländisches Unternehmen; innergemeinschaftlicher Erwerb; internationaler Auskunftsaustausch; internationale Doppelbesteuerung; internationaler Raum; internationale Rechtshilfe; internationale Steuerkoordination; internationaler Steuerraum; internationale Unternehmenstätigkeit; nationales Umsatzsteuerrecht; nichtsteuerbarer Umsatz; persönliches Anknüpfungskriterium; sachliches Anknüpfungskriterium; sonstige Leistung; tätiges Unternehmen; unilaterale Beseitigung; verbundenes Unternehmen</subfield>
            <subfield code="2">ids J3</subfield>
         </datafield>
         <datafield tag="690" ind1=" " ind2="7">
            <subfield code="B">u</subfield>
            <subfield code="a">B. Steuerhoheit; Bonn Prof. Dr. Detlev Jürgen Piltz Rechtsanwalt; Detlev Jürgen Piltz; Dr. Hubertus Baumhoff; Dr. Jörg Manfred Mössner; Dr. Martin Greif; Dr. Otto Schmidt; Dr. Otto Schmidt Köln Inhaltsübersicht; Dr. Udo W. Henkel; F. Inlandsaktivitäten; G. Umsatzsteuerrecht; Hamburg Thomas Menck Ministerialrat; Inhaltsübersicht D. Durchsetzung Kontrolle; international Unternehmenstätigkeit Steuerverfahren; Jörg Manfred Mössner; Leipzig Prof. Dr. Günther Strunk Steuerberater; Mannheim Prof. Dr. Holger Stadie Universitätsprofessor; Osnabrück Dr. Hubertus Baumhoff Wirtschaftsprüfer; Udo W. Henkel</subfield>
            <subfield code="2">ids J5</subfield>
         </datafield>
         <datafield tag="691" ind1=" " ind2="7">
            <subfield code="B">u</subfield>
            <subfield code="u">349.12</subfield>
            <subfield code="a">Steuerrecht. Fiskalrecht</subfield>
            <subfield code="2">libib XD</subfield>
         </datafield>
         <datafield tag="691" ind1=" " ind2="7">
            <subfield code="B">u</subfield>
            <subfield code="u">(430)</subfield>
            <subfield code="a">Deutschland</subfield>
            <subfield code="2">libib XD</subfield>
         </datafield>
         <datafield tag="691" ind1=" " ind2="7">
            <subfield code="B">u</subfield>
            <subfield code="u">QL 800</subfield>
            <subfield code="a">Betriebswirtschaftliche Steuerlehre, allgemeines</subfield>
            <subfield code="2">libib XF</subfield>
         </datafield>
         <datafield tag="691" ind1=" " ind2="7">
            <subfield code="B">u</subfield>
            <subfield code="u">PP 6085</subfield>
            <subfield code="a">Internationales Steuerrecht der Unternehmen und Gesellschaften</subfield>
            <subfield code="2">libib XF</subfield>
         </datafield>
         <datafield tag="691" ind1=" " ind2="7">
            <subfield code="u">53</subfield>
            <subfield code="2">ids dr-sys</subfield>
         </datafield>
         <datafield tag="691" ind1=" " ind2="7">
            <subfield code="2">rero dr-sys</subfield>
            <subfield code="u">CA/D 54.2 h</subfield>
         </datafield>
         <datafield tag="700" ind1="1" ind2=" ">
            <subfield code="a">Mössner</subfield>
            <subfield code="D">Jörg M.</subfield>
         </datafield>
         <datafield tag="856" ind1=" " ind2=" ">
            <subfield code="a">http://doc1.lbfl.li</subfield>
            <subfield code="d">/aai/</subfield>
            <subfield code="f">FLMA138971.pdf</subfield>
            <subfield code="u">http://doc1.lbfl.li/aai/FLMA138971.pdf</subfield>
            <subfield code="z">Inhaltsverzeichnis (pdf)</subfield>
            <subfield code="2">file</subfield>
            <subfield code="3">Inhaltsverzeichnis</subfield>
         </datafield>
         <datafield tag="909" ind1=" " ind2="7">
            <subfield code="a">E51ANH-2006</subfield>
            <subfield code="2">nebis E5</subfield>
         </datafield>
         <datafield tag="909" ind1=" " ind2="7">
            <subfield code="a">rwimon200511i</subfield>
            <subfield code="c">rosi 051114</subfield>
            <subfield code="d">rwiswk200605b</subfield>
            <subfield code="e">meim</subfield>
            <subfield code="2">idszbz Z2</subfield>
         </datafield>
         <datafield tag="912" ind1=" " ind2="7">
            <subfield code="a">ww</subfield>
            <subfield code="2">FL</subfield>
         </datafield>
         <datafield tag="912" ind1=" " ind2="7">
            <subfield code="a">rw</subfield>
            <subfield code="2">SzZuIDS BS/BE</subfield>
         </datafield>
         <datafield tag="912" ind1=" " ind2="7">
            <subfield code="a">E51</subfield>
            <subfield code="2">E51-20061211</subfield>
         </datafield>
         <datafield tag="912" ind1=" " ind2="7">
            <subfield code="a">ZB3423</subfield>
            <subfield code="2">Z01</subfield>
         </datafield>
         <datafield tag="950" ind1=" " ind2=" ">
            <subfield code="B">LIBIB</subfield>
            <subfield code="P">700</subfield>
            <subfield code="E">1-</subfield>
            <subfield code="a">Mössner</subfield>
            <subfield code="D">Jörg M.</subfield>
         </datafield>
         <datafield tag="950" ind1=" " ind2=" ">
            <subfield code="B">LIBIB</subfield>
            <subfield code="P">856</subfield>
            <subfield code="E">--</subfield>
            <subfield code="a">http://doc1.lbfl.li</subfield>
            <subfield code="d">/aai</subfield>
            <subfield code="f">FLMA138971.pdf</subfield>
            <subfield code="u">http://doc1.lbfl.li/aai/FLMA138971.pdf</subfield>
            <subfield code="z">Inhaltsverzeichnis (pdf)</subfield>
            <subfield code="2">file</subfield>
            <subfield code="3">Inhaltsverzeichnis</subfield>
         </datafield>
         <datafield tag="950" ind1=" " ind2=" ">
            <subfield code="B">IDSBB</subfield>
            <subfield code="P">700</subfield>
            <subfield code="E">1-</subfield>
            <subfield code="a">Mössner</subfield>
            <subfield code="D">Jörg Manfred</subfield>
            <subfield code="d">1941-</subfield>
            <subfield code="0">(DE-588)170611639</subfield>
         </datafield>
         <datafield tag="950" ind1=" " ind2=" ">
            <subfield code="B">NEBIS</subfield>
            <subfield code="P">700</subfield>
            <subfield code="E">1-</subfield>
            <subfield code="a">Mössner</subfield>
            <subfield code="D">Jörg Manfred</subfield>
         </datafield>
         <datafield tag="950" ind1=" " ind2=" ">
            <subfield code="B">RERO</subfield>
            <subfield code="P">700</subfield>
            <subfield code="E">1-</subfield>
            <subfield code="a">Mössner</subfield>
            <subfield code="D">Jörg Manfred</subfield>
            <subfield code="0">(RERO)A003622759</subfield>
         </datafield>
         <datafield tag="986" ind1=" " ind2=" ">
            <subfield code="a">ORANGE</subfield>
            <subfield code="b">271559268</subfield>
         </datafield>
         <datafield tag="986" ind1=" " ind2=" ">
            <subfield code="a">SWISSBIB</subfield>
            <subfield code="b">030758157</subfield>
         </datafield>
         <datafield tag="898" ind1=" " ind2=" ">
            <subfield code="a">BK020000</subfield>
            <subfield code="b">XK020000</subfield>
            <subfield code="c">XK020000</subfield>
         </datafield>
         <datafield tag="949" ind1=" " ind2=" ">
            <subfield code="B">NEBIS</subfield>
            <subfield code="F">E51</subfield>
            <subfield code="b">E51</subfield>
            <subfield code="c">E51BR</subfield>
            <subfield code="j">RP 349.304 004 3 Möss Ste</subfield>
         </datafield>
         <datafield tag="949" ind1=" " ind2=" ">
            <subfield code="B">NEBIS</subfield>
            <subfield code="F">Z16</subfield>
            <subfield code="b">Z16</subfield>
            <subfield code="c">Z1601</subfield>
            <subfield code="j">Seq 217 : 3.Ed</subfield>
         </datafield>
         <datafield tag="949" ind1=" " ind2=" ">
            <subfield code="B">RERO</subfield>
            <subfield code="F">RE71070</subfield>
            <subfield code="b">RE71070</subfield>
            <subfield code="c">RE710700001</subfield>
            <subfield code="j">CA/D 54.2 h STIT 2005</subfield>
            <subfield code="s">ISDC 140781</subfield>
         </datafield>
         <datafield tag="949" ind1=" " ind2=" ">
            <subfield code="B">IDSBB</subfield>
            <subfield code="F">B464</subfield>
            <subfield code="b">B464</subfield>
            <subfield code="c">464SM</subfield>
            <subfield code="j">IST A. 42. 217/3</subfield>
            <subfield code="x">NELB4630511</subfield>
         </datafield>
         <datafield tag="949" ind1=" " ind2=" ">
            <subfield code="B">IDSBB</subfield>
            <subfield code="F">B465</subfield>
            <subfield code="b">B465</subfield>
            <subfield code="c">FH</subfield>
            <subfield code="j">JBB 17.430/ 53(3)</subfield>
            <subfield code="x">NELB4650712</subfield>
         </datafield>
         <datafield tag="956" ind1="4" ind2=" ">
            <subfield code="B">IDSBB</subfield>
            <subfield code="C">DSV51</subfield>
            <subfield code="D">DSV01</subfield>
            <subfield code="a">A100</subfield>
            <subfield code="u">http://www.ub.unibas.ch/tox/HBZ/HT014373113/PDF</subfield>
            <subfield code="q">pdf</subfield>
            <subfield code="x">VIEW</subfield>
            <subfield code="y">Inhaltsverzeichnis</subfield>
         </datafield>
         <datafield tag="949" ind1=" " ind2=" ">
            <subfield code="B">LIBIB</subfield>
            <subfield code="F">FLFHL</subfield>
            <subfield code="b">FLFHL</subfield>
            <subfield code="c">FHLHB</subfield>
            <subfield code="j">50/PP 6085 M694(3)</subfield>
            <subfield code="x">NELFLFHL0703</subfield>
         </datafield>
         <datafield tag="949" ind1=" " ind2=" ">
            <subfield code="B">LIBIB</subfield>
            <subfield code="F">FLLB</subfield>
            <subfield code="b">FLLB</subfield>
            <subfield code="c">LW</subfield>
            <subfield code="j">349.12(430)</subfield>
            <subfield code="x">NELFLLB0512</subfield>
         </datafield>
      <datafield tag="690" ind1="H" ind2="D">
            <subfield code="8">LD</subfield>
            <subfield code="a">Interkantonales/Internationales Steuerrecht : Deutschland</subfield>
            <subfield code="2">HSG-IFF</subfield>
        </datafield></record>