<record xmlns:xs="http://www.w3.org/2001/XMLSchema">
         <leader>     cam a22     4  4500</leader>
         <controlfield tag="001">515922838</controlfield>
         <controlfield tag="003">CHVBK</controlfield>
         <controlfield tag="005">20190608095107.0</controlfield>
         <controlfield tag="008">180630s2007    au            00    ger|d</controlfield>
         <datafield tag="015" ind1=" " ind2=" ">
            <subfield code="a">GFR-DNB-07,N16,0396</subfield>
         </datafield>
         <datafield tag="016" ind1="7" ind2=" ">
            <subfield code="a">983624909</subfield>
            <subfield code="2">GyFmDB</subfield>
         </datafield>
         <datafield tag="020" ind1=" " ind2=" ">
            <subfield code="a">978-3-7073-0938-6</subfield>
            <subfield code="c">Gb. : EUR 46.70, EUR 48.00 (AT), sfr 82.50</subfield>
         </datafield>
         <datafield tag="020" ind1=" " ind2=" ">
            <subfield code="a">3-7073-0938-X</subfield>
            <subfield code="c">Gb. : EUR 46.70, EUR 48.00 (AT), sfr 82.50</subfield>
         </datafield>
         <datafield tag="035" ind1=" " ind2=" ">
            <subfield code="a">(IDSBB)004193296</subfield>
         </datafield>
         <datafield tag="035" ind1=" " ind2=" ">
            <subfield code="a">(IDSSG)001000082</subfield>
         </datafield>
         <datafield tag="035" ind1=" " ind2=" ">
            <subfield code="a">(IDSBB)004193296</subfield>
         </datafield>
         <datafield tag="035" ind1=" " ind2=" ">
            <subfield code="a">(IDSSG)001000082</subfield>
         </datafield>
         <datafield tag="040" ind1=" " ind2=" ">
            <subfield code="a">DDB</subfield>
            <subfield code="d">SzZuIDS BS/BE B465</subfield>
            <subfield code="e">kids</subfield>
         </datafield>
         <datafield tag="082" ind1="1" ind2=" ">
            <subfield code="a">340</subfield>
            <subfield code="2">15</subfield>
         </datafield>
         <datafield tag="100" ind1="1" ind2=" ">
            <subfield code="a">Tumpel</subfield>
            <subfield code="D">Michael</subfield>
            <subfield code="0">(DE-588)124487777</subfield>
         </datafield>
         <datafield tag="245" ind1="1" ind2="0">
            <subfield code="a">Fachlexikon Steuern</subfield>
            <subfield code="b">von Abbruchkosten bis Zwischenbesteuerung</subfield>
            <subfield code="c">hrsg. von Michael Tumpel</subfield>
         </datafield>
         <datafield tag="264" ind1=" " ind2="1">
            <subfield code="a">Wien</subfield>
            <subfield code="b">Linde Verlag</subfield>
            <subfield code="c">2007</subfield>
         </datafield>
         <datafield tag="300" ind1=" " ind2=" ">
            <subfield code="a">418 Seiten</subfield>
         </datafield>
         <datafield tag="490" ind1="0" ind2=" ">
            <subfield code="a">Fachbuch Steuern</subfield>
         </datafield>
         <datafield tag="650" ind1=" " ind2="7">
            <subfield code="a">Steuern</subfield>
            <subfield code="v">Wörterbuch</subfield>
            <subfield code="2">idsbb</subfield>
         </datafield>
         <datafield tag="650" ind1=" " ind2="7">
            <subfield code="a">Steuerrecht</subfield>
            <subfield code="0">(DE-588)4116614-0</subfield>
            <subfield code="2">gnd</subfield>
         </datafield>
         <datafield tag="651" ind1=" " ind2="7">
            <subfield code="a">Österreich</subfield>
            <subfield code="0">(DE-588)4043271-3</subfield>
            <subfield code="2">gnd</subfield>
         </datafield>
         <datafield tag="655" ind1=" " ind2="7">
            <subfield code="a">Wörterbuch</subfield>
            <subfield code="2">gnd-content</subfield>
         </datafield>
         <datafield tag="690" ind1=" " ind2="7">
            <subfield code="B">u</subfield>
            <subfield code="u">JA</subfield>
            <subfield code="a">Allgemeine Steuerrechtsliteratur : Allgemeines, Lehrbücher</subfield>
            <subfield code="2">idssg HD</subfield>
         </datafield>
         <datafield tag="912" ind1=" " ind2="7">
            <subfield code="a">rw</subfield>
            <subfield code="2">SzZuIDS BS/BE</subfield>
         </datafield>
         <datafield tag="950" ind1=" " ind2=" ">
            <subfield code="B">IDSBB</subfield>
            <subfield code="P">100</subfield>
            <subfield code="E">1-</subfield>
            <subfield code="a">Tumpel</subfield>
            <subfield code="D">Michael</subfield>
            <subfield code="0">(DE-588)124487777</subfield>
         </datafield>
         <datafield tag="950" ind1=" " ind2=" ">
            <subfield code="B">IDSBB</subfield>
            <subfield code="P">490</subfield>
            <subfield code="E">0-</subfield>
            <subfield code="a">Fachbuch Steuern</subfield>
         </datafield>
         <datafield tag="950" ind1=" " ind2=" ">
            <subfield code="B">IDSSG</subfield>
            <subfield code="P">100</subfield>
            <subfield code="E">1-</subfield>
            <subfield code="a">Tumpel</subfield>
            <subfield code="D">Michael</subfield>
            <subfield code="e">Verfasser</subfield>
            <subfield code="4">aut</subfield>
         </datafield>
         <datafield tag="950" ind1=" " ind2=" ">
            <subfield code="B">IDSSG</subfield>
            <subfield code="P">490</subfield>
            <subfield code="E">0-</subfield>
            <subfield code="a">Fachbuch Steuern</subfield>
         </datafield>
         <datafield tag="898" ind1=" " ind2=" ">
            <subfield code="a">BK020000</subfield>
            <subfield code="b">XK020000</subfield>
            <subfield code="c">XK020000</subfield>
         </datafield>
         <datafield tag="949" ind1=" " ind2=" ">
            <subfield code="B">IDSBB</subfield>
            <subfield code="F">B465</subfield>
            <subfield code="b">B465</subfield>
            <subfield code="c">FH</subfield>
            <subfield code="j">JBB 1.310/ 143</subfield>
            <subfield code="x">NELB4650705</subfield>
         </datafield>
         <datafield tag="949" ind1=" " ind2=" ">
            <subfield code="B">IDSSG</subfield>
            <subfield code="F">HIFF</subfield>
            <subfield code="b">HIFF</subfield>
            <subfield code="c">TAX</subfield>
            <subfield code="j">JA 178</subfield>
         </datafield>
      <datafield tag="690" ind1="H" ind2="D">
            <subfield code="8">JA</subfield>
            <subfield code="a">Allgemeine Steuerrechtsliteratur : Allgemeines, Lehrbücher</subfield>
            <subfield code="2">HSG-IFF</subfield>
        </datafield></record>