<record xmlns:xs="http://www.w3.org/2001/XMLSchema">
         <leader>     cam a22     4  4500</leader>
         <controlfield tag="001">284689343</controlfield>
         <controlfield tag="003">CHVBK</controlfield>
         <controlfield tag="005">20190719101032.0</controlfield>
         <controlfield tag="008">130819s1998    sz            00    fre d</controlfield>
         <datafield tag="020" ind1=" " ind2=" ">
            <subfield code="a">2-7178-3513-X</subfield>
         </datafield>
         <datafield tag="035" ind1=" " ind2=" ">
            <subfield code="a">(SBT)000179115</subfield>
         </datafield>
         <datafield tag="035" ind1=" " ind2=" ">
            <subfield code="a">(SNL)991009502189703976</subfield>
         </datafield>
         <datafield tag="035" ind1=" " ind2=" ">
            <subfield code="a">(NEBIS)005059097</subfield>
         </datafield>
         <datafield tag="035" ind1=" " ind2=" ">
            <subfield code="a">(RERO)R227727660</subfield>
         </datafield>
         <datafield tag="035" ind1=" " ind2=" ">
            <subfield code="a">(VAUD)991014921219702852</subfield>
         </datafield>
         <datafield tag="035" ind1=" " ind2=" ">
            <subfield code="a">(IDSSG)001000115</subfield>
         </datafield>
         <datafield tag="035" ind1=" " ind2=" ">
            <subfield code="a">(Sz)1191322-41snl_51</subfield>
         </datafield>
         <datafield tag="035" ind1=" " ind2=" ">
            <subfield code="a">(Sz)vtls001191322</subfield>
         </datafield>
         <datafield tag="035" ind1=" " ind2=" ">
            <subfield code="a">(Sz)001191322</subfield>
         </datafield>
         <datafield tag="035" ind1=" " ind2=" ">
            <subfield code="a">(RNV)002277276-41bculausa_network</subfield>
         </datafield>
         <datafield tag="035" ind1=" " ind2=" ">
            <subfield code="a">(RERO)002277276</subfield>
         </datafield>
         <datafield tag="035" ind1=" " ind2=" ">
            <subfield code="a">R227727660</subfield>
         </datafield>
         <datafield tag="035" ind1=" " ind2=" ">
            <subfield code="a">(EXLNZ-41BCULAUSA_NETWORK)991019337689702851</subfield>
         </datafield>
         <datafield tag="040" ind1=" " ind2=" ">
            <subfield code="a">SzBzSBTc LUBUL</subfield>
         </datafield>
         <datafield tag="072" ind1=" " ind2="7">
            <subfield code="a">s1se</subfield>
            <subfield code="2">rero</subfield>
         </datafield>
         <datafield tag="072" ind1=" " ind2="7">
            <subfield code="a">s2sp</subfield>
            <subfield code="2">rero</subfield>
         </datafield>
         <datafield tag="100" ind1="1" ind2=" ">
            <subfield code="a">Dafflon</subfield>
            <subfield code="D">Bernard</subfield>
         </datafield>
         <datafield tag="245" ind1="1" ind2="3">
            <subfield code="a">La gestion des finances publiques locales</subfield>
            <subfield code="c">Bernard Dafflon</subfield>
         </datafield>
         <datafield tag="250" ind1=" " ind2=" ">
            <subfield code="a">2e éd</subfield>
         </datafield>
         <datafield tag="260" ind1=" " ind2=" ">
            <subfield code="a">Genève</subfield>
            <subfield code="b">Economica</subfield>
            <subfield code="c">1998</subfield>
         </datafield>
         <datafield tag="300" ind1=" " ind2=" ">
            <subfield code="a">284 p.</subfield>
         </datafield>
         <datafield tag="490" ind1="1" ind2=" ">
            <subfield code="a">Collection collectivités territoriales</subfield>
            <subfield code="w">(SBT)000003866</subfield>
            <subfield code="9">278770037</subfield>
         </datafield>
         <datafield tag="504" ind1=" " ind2=" ">
            <subfield code="a">p. 263-267</subfield>
         </datafield>
         <datafield tag="583" ind1=" " ind2=" ">
            <subfield code="5">labcue UMA 48412</subfield>
            <subfield code="z">3</subfield>
         </datafield>
         <datafield tag="650" ind1=" " ind2="7">
            <subfield code="a">finances publiques locales</subfield>
            <subfield code="0">(RERO)A009990194</subfield>
            <subfield code="2">rerovoc</subfield>
         </datafield>
         <datafield tag="650" ind1=" " ind2="7">
            <subfield code="a">Gestion financière</subfield>
            <subfield code="0">(RERO)A021015918</subfield>
            <subfield code="2">rero</subfield>
         </datafield>
         <datafield tag="650" ind1=" " ind2="7">
            <subfield code="a">Politique publique</subfield>
            <subfield code="0">(RERO)A021101609</subfield>
            <subfield code="2">rero</subfield>
         </datafield>
         <datafield tag="650" ind1=" " ind2="7">
            <subfield code="a">Collectivités locales</subfield>
            <subfield code="0">(RERO)A021080260</subfield>
            <subfield code="2">rero</subfield>
         </datafield>
         <datafield tag="650" ind1=" " ind2="0">
            <subfield code="a">Local finance</subfield>
            <subfield code="v">Handbooks, manuals, etc</subfield>
         </datafield>
         <datafield tag="650" ind1=" " ind2="0">
            <subfield code="a">Local finance</subfield>
            <subfield code="z">Switzerland</subfield>
            <subfield code="v">Handbooks, manuals, etc</subfield>
         </datafield>
         <datafield tag="650" ind1=" " ind2="7">
            <subfield code="a">Finances communales</subfield>
            <subfield code="z">France</subfield>
            <subfield code="x">Gestion</subfield>
            <subfield code="x">Guides pratiques et mémentos</subfield>
            <subfield code="2">ram</subfield>
         </datafield>
         <datafield tag="650" ind1=" " ind2="7">
            <subfield code="a">Gemeindefinanzwirtschaft</subfield>
            <subfield code="0">(DE-588)4071675-2</subfield>
            <subfield code="2">gnd</subfield>
         </datafield>
         <datafield tag="650" ind1=" " ind2="7">
            <subfield code="a">Gemeindeverwaltung</subfield>
            <subfield code="0">(DE-588)4019990-3</subfield>
            <subfield code="2">gnd</subfield>
         </datafield>
         <datafield tag="650" ind1=" " ind2="7">
            <subfield code="a">Öffentlicher Haushalt</subfield>
            <subfield code="0">(DE-588)4043173-3</subfield>
            <subfield code="2">gnd</subfield>
         </datafield>
         <datafield tag="650" ind1=" " ind2="7">
            <subfield code="a">finances publiques locales</subfield>
            <subfield code="v">manuel</subfield>
            <subfield code="2">chrero</subfield>
         </datafield>
         <datafield tag="650" ind1=" " ind2="7">
            <subfield code="a">collectivité locale</subfield>
            <subfield code="x">gestion financière</subfield>
            <subfield code="x">politique publique</subfield>
            <subfield code="v">manuel</subfield>
            <subfield code="2">chrero</subfield>
         </datafield>
         <datafield tag="650" ind1=" " ind2="7">
            <subfield code="a">Politique publique</subfield>
            <subfield code="2">rero</subfield>
         </datafield>
         <datafield tag="650" ind1=" " ind2="7">
            <subfield code="a">Collectivités locales</subfield>
            <subfield code="2">rero</subfield>
         </datafield>
         <datafield tag="650" ind1=" " ind2="7">
            <subfield code="a">finances publiques locales</subfield>
            <subfield code="2">rerovoc</subfield>
         </datafield>
         <datafield tag="650" ind1=" " ind2="7">
            <subfield code="a">Gestion financière</subfield>
            <subfield code="2">rero</subfield>
         </datafield>
         <datafield tag="655" ind1=" " ind2="7">
            <subfield code="a">Manuels d'enseignement</subfield>
            <subfield code="2">rero</subfield>
            <subfield code="0">(RERO)A021098695</subfield>
         </datafield>
         <datafield tag="655" ind1=" " ind2="7">
            <subfield code="a">Manuels d'enseignement</subfield>
            <subfield code="2">rero</subfield>
         </datafield>
         <datafield tag="690" ind1=" " ind2="7">
            <subfield code="B">u</subfield>
            <subfield code="u">YL1</subfield>
            <subfield code="a">Wirtschaftswissenschaften : Finanzwissenschaft. Betriebswirtschaftliche Steuerlehre : Allgemeines</subfield>
            <subfield code="2">idssg HD</subfield>
         </datafield>
         <datafield tag="691" ind1=" " ind2="7">
            <subfield code="B">u</subfield>
            <subfield code="u">336.014</subfield>
            <subfield code="a">Finanza pubblica a livello locale</subfield>
            <subfield code="2">sbt TE</subfield>
         </datafield>
         <datafield tag="691" ind1=" " ind2="7">
            <subfield code="a">sb</subfield>
            <subfield code="b">1999/03</subfield>
            <subfield code="c">05.1</subfield>
            <subfield code="2">snl-sb</subfield>
         </datafield>
         <datafield tag="691" ind1=" " ind2="7">
            <subfield code="B">u</subfield>
            <subfield code="a">FINANCES PUBLIQUES</subfield>
            <subfield code="z">fre</subfield>
            <subfield code="u">336,01</subfield>
            <subfield code="2">nebis E1</subfield>
         </datafield>
         <datafield tag="691" ind1=" " ind2="7">
            <subfield code="B">u</subfield>
            <subfield code="a">ÖFFENTLICHE FINANZEN</subfield>
            <subfield code="z">ger</subfield>
            <subfield code="u">336,01</subfield>
            <subfield code="2">nebis E1</subfield>
         </datafield>
         <datafield tag="691" ind1=" " ind2="7">
            <subfield code="B">u</subfield>
            <subfield code="a">PUBLIC FINANCE</subfield>
            <subfield code="z">eng</subfield>
            <subfield code="u">336,01</subfield>
            <subfield code="2">nebis E1</subfield>
         </datafield>
         <datafield tag="830" ind1=" " ind2="0">
            <subfield code="a">Collectivités territoriales</subfield>
            <subfield code="7">(Sz)000018721</subfield>
         </datafield>
         <datafield tag="898" ind1=" " ind2=" ">
            <subfield code="a">BK020000</subfield>
            <subfield code="b">XK020000</subfield>
            <subfield code="c">XK020000</subfield>
         </datafield>
         <datafield tag="912" ind1=" " ind2="7">
            <subfield code="a">se</subfield>
            <subfield code="2">SzBzSBTc</subfield>
         </datafield>
         <datafield tag="949" ind1=" " ind2=" ">
            <subfield code="B">SNL</subfield>
            <subfield code="F">NB001</subfield>
            <subfield code="b">NB001</subfield>
            <subfield code="j">N 235824</subfield>
            <subfield code="c">NB10010</subfield>
         </datafield>
         <datafield tag="949" ind1=" " ind2=" ">
            <subfield code="B">RERO</subfield>
            <subfield code="F">RE01046</subfield>
            <subfield code="b">RE01046</subfield>
            <subfield code="c">RE010460002</subfield>
            <subfield code="j">FSES H72</subfield>
            <subfield code="s">TEB 4140A</subfield>
         </datafield>
         <datafield tag="949" ind1=" " ind2=" ">
            <subfield code="B">RERO</subfield>
            <subfield code="F">RE01046</subfield>
            <subfield code="b">RE01046</subfield>
            <subfield code="c">RE010460002</subfield>
            <subfield code="j">FSES H72</subfield>
            <subfield code="s">TEB 4140A+C</subfield>
         </datafield>
         <datafield tag="949" ind1=" " ind2=" ">
            <subfield code="B">RERO</subfield>
            <subfield code="F">RE01046</subfield>
            <subfield code="b">RE01046</subfield>
            <subfield code="c">RE010460002</subfield>
            <subfield code="j">FSES H72</subfield>
            <subfield code="s">TEB 4140A+D</subfield>
         </datafield>
         <datafield tag="949" ind1=" " ind2=" ">
            <subfield code="B">RERO</subfield>
            <subfield code="F">RE01046</subfield>
            <subfield code="b">RE01046</subfield>
            <subfield code="c">RE010460002</subfield>
            <subfield code="j">FSES H72</subfield>
            <subfield code="s">TEB 4140A+B</subfield>
            <subfield code="z">Perdu en 2008</subfield>
         </datafield>
         <datafield tag="949" ind1=" " ind2=" ">
            <subfield code="B">RERO</subfield>
            <subfield code="F">RE01050</subfield>
            <subfield code="b">RE01050</subfield>
            <subfield code="c">RE010500001</subfield>
            <subfield code="j">LC HJ9106</subfield>
            <subfield code="s">TSB 12817</subfield>
         </datafield>
         <datafield tag="949" ind1=" " ind2=" ">
            <subfield code="B">RERO</subfield>
            <subfield code="F">RE31002</subfield>
            <subfield code="b">RE31002</subfield>
            <subfield code="c">RE310020006</subfield>
            <subfield code="j">BPUN FM 4952</subfield>
         </datafield>
         <datafield tag="949" ind1=" " ind2=" ">
            <subfield code="B">RERO</subfield>
            <subfield code="F">RE31014</subfield>
            <subfield code="b">RE31014</subfield>
            <subfield code="c">RE310140001</subfield>
            <subfield code="j">BSE E1/ 1329</subfield>
         </datafield>
         <datafield tag="949" ind1=" " ind2=" ">
            <subfield code="B">RERO</subfield>
            <subfield code="F">RE31014</subfield>
            <subfield code="b">RE31014</subfield>
            <subfield code="c">RE310140001</subfield>
            <subfield code="j">BSE E1/ 1327</subfield>
         </datafield>
         <datafield tag="949" ind1=" " ind2=" ">
            <subfield code="B">RERO</subfield>
            <subfield code="F">RE31045</subfield>
            <subfield code="b">RE31045</subfield>
            <subfield code="c">RE310450034</subfield>
            <subfield code="j">EPN</subfield>
         </datafield>
         <datafield tag="949" ind1=" " ind2=" ">
            <subfield code="B">RERO</subfield>
            <subfield code="F">RE31045</subfield>
            <subfield code="b">RE31045</subfield>
            <subfield code="c">RE310450050</subfield>
            <subfield code="j">- -</subfield>
         </datafield>
         <datafield tag="949" ind1=" " ind2=" ">
            <subfield code="B">RERO</subfield>
            <subfield code="F">RE61001</subfield>
            <subfield code="b">RE61001</subfield>
            <subfield code="c">RE610010001</subfield>
            <subfield code="j">336.44 DAFF</subfield>
         </datafield>
         <datafield tag="949" ind1=" " ind2=" ">
            <subfield code="B">RERO</subfield>
            <subfield code="F">RE61040</subfield>
            <subfield code="b">RE61040</subfield>
            <subfield code="c">RE610400031</subfield>
            <subfield code="j">351.72 DAF 1998 ex. 2</subfield>
            <subfield code="s">SESA 46182+1</subfield>
         </datafield>
         <datafield tag="949" ind1=" " ind2=" ">
            <subfield code="B">RERO</subfield>
            <subfield code="F">RE61040</subfield>
            <subfield code="b">RE61040</subfield>
            <subfield code="c">RE610400031</subfield>
            <subfield code="j">351.72 DAF 1998</subfield>
            <subfield code="s">SESA 46182</subfield>
         </datafield>
         <datafield tag="949" ind1=" " ind2=" ">
            <subfield code="B">VAUD</subfield>
            <subfield code="F">idheap</subfield>
            <subfield code="b">idheap</subfield>
            <subfield code="j">APA 5144 351.72</subfield>
            <subfield code="s">APA 5144+4  | 351.72</subfield>
            <subfield code="c">810620002</subfield>
         </datafield>
         <datafield tag="949" ind1=" " ind2=" ">
            <subfield code="B">VAUD</subfield>
            <subfield code="F">idheap</subfield>
            <subfield code="b">idheap</subfield>
            <subfield code="j">APA 5144 351.72</subfield>
            <subfield code="s">APA 5144+2  | 351.72</subfield>
            <subfield code="c">810620002</subfield>
         </datafield>
         <datafield tag="949" ind1=" " ind2=" ">
            <subfield code="B">VAUD</subfield>
            <subfield code="F">idheap</subfield>
            <subfield code="b">idheap</subfield>
            <subfield code="j">APA 5144 351.72</subfield>
            <subfield code="s">APA 5144+1  | 351.72</subfield>
            <subfield code="c">810620002</subfield>
         </datafield>
         <datafield tag="949" ind1=" " ind2=" ">
            <subfield code="B">VAUD</subfield>
            <subfield code="F">idheap</subfield>
            <subfield code="b">idheap</subfield>
            <subfield code="j">APA 5144 351.72</subfield>
            <subfield code="c">810620002</subfield>
         </datafield>
         <datafield tag="949" ind1=" " ind2=" ">
            <subfield code="B">VAUD</subfield>
            <subfield code="F">idheap</subfield>
            <subfield code="b">idheap</subfield>
            <subfield code="j">APA 5144 351.72</subfield>
            <subfield code="s">APA 5144+5  | 351.72</subfield>
            <subfield code="c">810620002</subfield>
         </datafield>
         <datafield tag="949" ind1=" " ind2=" ">
            <subfield code="B">VAUD</subfield>
            <subfield code="F">idheap</subfield>
            <subfield code="b">idheap</subfield>
            <subfield code="j">APA 5144 351.72</subfield>
            <subfield code="s">APA 5144+3  | 351.72</subfield>
            <subfield code="c">810620002</subfield>
         </datafield>
         <datafield tag="949" ind1=" " ind2=" ">
            <subfield code="B">VAUD</subfield>
            <subfield code="F">idheap</subfield>
            <subfield code="b">idheap</subfield>
            <subfield code="j">APA 5144 351.72</subfield>
            <subfield code="s">APA 5144+6  | 351.72</subfield>
            <subfield code="c">810620002</subfield>
         </datafield>
         <datafield tag="949" ind1=" " ind2=" ">
            <subfield code="B">VAUD</subfield>
            <subfield code="F">bcue</subfield>
            <subfield code="b">bcue</subfield>
            <subfield code="j">UMA 48412 336.1</subfield>
            <subfield code="c">810030006</subfield>
         </datafield>
         <datafield tag="949" ind1=" " ind2=" ">
            <subfield code="B">SBT</subfield>
            <subfield code="F">LUBUL</subfield>
            <subfield code="b">LUBUL</subfield>
            <subfield code="c">201</subfield>
            <subfield code="j">BUL A 336.014 DAF GES</subfield>
         </datafield>
         <datafield tag="949" ind1=" " ind2=" ">
            <subfield code="B">IDSSG</subfield>
            <subfield code="F">HIFF</subfield>
            <subfield code="b">HIFF</subfield>
            <subfield code="c">IFF</subfield>
            <subfield code="j">AC 297 2</subfield>
         </datafield>
         <datafield tag="949" ind1=" " ind2=" ">
            <subfield code="B">NEBIS</subfield>
            <subfield code="F">UIPZ</subfield>
            <subfield code="b">UIPZ</subfield>
            <subfield code="c">ULIPZ</subfield>
            <subfield code="j">IPZ 6.1-1034</subfield>
         </datafield>
         <datafield tag="949" ind1=" " ind2=" ">
            <subfield code="B">NEBIS</subfield>
            <subfield code="F">E34</subfield>
            <subfield code="b">E34</subfield>
            <subfield code="c">E34PE</subfield>
            <subfield code="j">658.15 DAFF | 40265</subfield>
         </datafield>
         <datafield tag="950" ind1=" " ind2=" ">
            <subfield code="B">SBT</subfield>
            <subfield code="P">100</subfield>
            <subfield code="E">1-</subfield>
            <subfield code="a">Dafflon</subfield>
            <subfield code="D">Bernard</subfield>
         </datafield>
         <datafield tag="950" ind1=" " ind2=" ">
            <subfield code="B">SBT</subfield>
            <subfield code="P">490</subfield>
            <subfield code="E">--</subfield>
            <subfield code="a">Collection collectivités territoriales</subfield>
            <subfield code="w">(SBT)000003866</subfield>
            <subfield code="9">278770037</subfield>
         </datafield>
         <datafield tag="950" ind1=" " ind2=" ">
            <subfield code="B">SNL</subfield>
            <subfield code="P">100</subfield>
            <subfield code="E">1-</subfield>
            <subfield code="a">Dafflon</subfield>
            <subfield code="D">Bernard</subfield>
            <subfield code="d">1946-</subfield>
            <subfield code="0">(DE-588)170346234</subfield>
         </datafield>
         <datafield tag="950" ind1=" " ind2=" ">
            <subfield code="B">SNL</subfield>
            <subfield code="P">490</subfield>
            <subfield code="E">1-</subfield>
            <subfield code="a">Collection Collectivités territoriales</subfield>
         </datafield>
         <datafield tag="950" ind1=" " ind2=" ">
            <subfield code="B">SNL</subfield>
            <subfield code="P">830</subfield>
            <subfield code="E">--</subfield>
            <subfield code="a">Collectivités territoriales</subfield>
            <subfield code="7">(Sz)000018721</subfield>
         </datafield>
         <datafield tag="950" ind1=" " ind2=" ">
            <subfield code="B">NEBIS</subfield>
            <subfield code="P">490</subfield>
            <subfield code="E">--</subfield>
            <subfield code="a">Collectivités territoriales</subfield>
         </datafield>
         <datafield tag="950" ind1=" " ind2=" ">
            <subfield code="B">NEBIS</subfield>
            <subfield code="P">700</subfield>
            <subfield code="E">1-</subfield>
            <subfield code="a">Dafflon</subfield>
            <subfield code="D">Bernard</subfield>
            <subfield code="0">(DE-588)108779300</subfield>
         </datafield>
         <datafield tag="950" ind1=" " ind2=" ">
            <subfield code="B">RERO</subfield>
            <subfield code="P">100</subfield>
            <subfield code="E">1-</subfield>
            <subfield code="a">Dafflon</subfield>
            <subfield code="D">Bernard</subfield>
            <subfield code="d">1946-</subfield>
            <subfield code="0">(RERO)A000046560</subfield>
            <subfield code="4">cre</subfield>
         </datafield>
         <datafield tag="950" ind1=" " ind2=" ">
            <subfield code="B">RERO</subfield>
            <subfield code="P">490</subfield>
            <subfield code="E">1-</subfield>
            <subfield code="a">Collection Collectivités territoriales</subfield>
         </datafield>
         <datafield tag="950" ind1=" " ind2=" ">
            <subfield code="B">RERO</subfield>
            <subfield code="P">830</subfield>
            <subfield code="E">--</subfield>
            <subfield code="a">Collectivités territoriales</subfield>
         </datafield>
         <datafield tag="950" ind1=" " ind2=" ">
            <subfield code="B">VAUD</subfield>
            <subfield code="P">100</subfield>
            <subfield code="E">1-</subfield>
            <subfield code="a">Dafflon</subfield>
            <subfield code="D">Bernard</subfield>
            <subfield code="d">1946-</subfield>
         </datafield>
         <datafield tag="950" ind1=" " ind2=" ">
            <subfield code="B">VAUD</subfield>
            <subfield code="P">490</subfield>
            <subfield code="E">1-</subfield>
            <subfield code="a">Collectivités territoriales</subfield>
         </datafield>
         <datafield tag="950" ind1=" " ind2=" ">
            <subfield code="B">VAUD</subfield>
            <subfield code="P">830</subfield>
            <subfield code="E">--</subfield>
            <subfield code="a">Collectivités territoriales</subfield>
         </datafield>
         <datafield tag="950" ind1=" " ind2=" ">
            <subfield code="B">IDSSG</subfield>
            <subfield code="P">100</subfield>
            <subfield code="E">1-</subfield>
            <subfield code="a">Dafflon</subfield>
            <subfield code="D">Bernard</subfield>
            <subfield code="e">Verfasser</subfield>
            <subfield code="4">aut</subfield>
         </datafield>
         <datafield tag="950" ind1=" " ind2=" ">
            <subfield code="B">IDSSG</subfield>
            <subfield code="P">490</subfield>
            <subfield code="E">0-</subfield>
            <subfield code="a">Collection collectivités territoriales</subfield>
         </datafield>
         <datafield tag="986" ind1=" " ind2=" ">
            <subfield code="a">ORANGE</subfield>
            <subfield code="b">284689335</subfield>
         </datafield>
         <datafield tag="986" ind1=" " ind2=" ">
            <subfield code="a">SWISSBIB</subfield>
            <subfield code="b">284689335</subfield>
         </datafield>
      <datafield tag="690" ind1="H" ind2="D">
            <subfield code="8">YL1</subfield>
            <subfield code="a">Wirtschaftswissenschaften : Finanzwissenschaft. Betriebswirtschaftliche Steuerlehre : Allgemeines</subfield>
            <subfield code="2">HSG-IFF</subfield>
        </datafield></record>