<record xmlns:xs="http://www.w3.org/2001/XMLSchema">
         <leader>     cam a22        4500</leader>
         <controlfield tag="001">514492902</controlfield>
         <controlfield tag="003">CHVBK</controlfield>
         <controlfield tag="005">20190726062337.0</controlfield>
         <controlfield tag="008">180612s2018    ne            10    eng d</controlfield>
         <datafield tag="016" ind1="7" ind2=" ">
            <subfield code="a">019075157</subfield>
            <subfield code="2">Uk</subfield>
         </datafield>
         <datafield tag="019" ind1=" " ind2=" ">
            <subfield code="a">Notices analytiques</subfield>
            <subfield code="5">iftaf-/05.2018</subfield>
         </datafield>
         <datafield tag="020" ind1=" " ind2=" ">
            <subfield code="a">978-90-411-8836-6</subfield>
         </datafield>
         <datafield tag="035" ind1=" " ind2=" ">
            <subfield code="a">(RERO)R008776805</subfield>
         </datafield>
         <datafield tag="035" ind1=" " ind2=" ">
            <subfield code="a">(VAUD)991021174195302852</subfield>
         </datafield>
         <datafield tag="035" ind1=" " ind2=" ">
            <subfield code="a">(IDSSG)001000228</subfield>
         </datafield>
         <datafield tag="035" ind1=" " ind2=" ">
            <subfield code="a">(IDSBB)006780906</subfield>
         </datafield>
         <datafield tag="035" ind1=" " ind2=" ">
            <subfield code="a">(NEBIS)011410319</subfield>
         </datafield>
         <datafield tag="035" ind1=" " ind2=" ">
            <subfield code="a">(ALEX)9925934605501791</subfield>
         </datafield>
         <datafield tag="035" ind1=" " ind2=" ">
            <subfield code="a">R008776805</subfield>
         </datafield>
         <datafield tag="035" ind1=" " ind2=" ">
            <subfield code="a">(RERO)vtls008776805</subfield>
         </datafield>
         <datafield tag="035" ind1=" " ind2=" ">
            <subfield code="a">(EXLNZ-41BCULAUSA_NETWORK)991023497931702851</subfield>
         </datafield>
         <datafield tag="035" ind1=" " ind2=" ">
            <subfield code="a">(OCoLC)1026357835</subfield>
         </datafield>
         <datafield tag="040" ind1=" " ind2=" ">
            <subfield code="a">RERO iftaf-</subfield>
         </datafield>
         <datafield tag="050" ind1=" " ind2="4">
            <subfield code="a">K4456-4590</subfield>
         </datafield>
         <datafield tag="050" ind1=" " ind2="4">
            <subfield code="a">K4473.25</subfield>
            <subfield code="b">.O273 2018</subfield>
         </datafield>
         <datafield tag="072" ind1=" " ind2="7">
            <subfield code="a">s1dr</subfield>
            <subfield code="2">rero</subfield>
         </datafield>
         <datafield tag="082" ind1="1" ind2=" ">
            <subfield code="a">340</subfield>
            <subfield code="2">15</subfield>
         </datafield>
         <datafield tag="082" ind1="0" ind2="4">
            <subfield code="a">343.04</subfield>
         </datafield>
         <datafield tag="245" ind1="0" ind2="4">
            <subfield code="a">The OECD multilateral instrument for tax treaties</subfield>
            <subfield code="b">analysis and effects</subfield>
            <subfield code="c">ed. by Michael Lang ... [et al.]</subfield>
         </datafield>
         <datafield tag="264" ind1=" " ind2="1">
            <subfield code="a">Alphen aan den Rijn</subfield>
            <subfield code="b">Wolters Kluwer</subfield>
            <subfield code="c">2018</subfield>
         </datafield>
         <datafield tag="300" ind1=" " ind2=" ">
            <subfield code="a">272 p.</subfield>
            <subfield code="b">ill.</subfield>
         </datafield>
         <datafield tag="500" ind1=" " ind2=" ">
            <subfield code="a">The 24th Viennese symposium on "International Tax Law" was held on 26 June 2017 at the Vienna University of Economics and Business (WU)</subfield>
         </datafield>
         <datafield tag="504" ind1=" " ind2=" ">
            <subfield code="a">Index.</subfield>
         </datafield>
         <datafield tag="520" ind1="8" ind2=" ">
            <subfield code="a">The OECD Multilateral Instrument for Tax Treaties: Analysis and Effects', as the name suggests, covers the scope, interpretation and relationship of the Multilateral Instrument (MLI) with tax treaties. The MLI for tax treaties proposed in OECD BEPS Action 15 will lead to the modification of numerous tax treaties. As tax treaties can have different wordings, terminologies and structures, a great challenge is to find a proper way to accomplish their modification without distorting the underlying framework or triggering undesirable effects. In light of these challenges, where the tax treaties are being rewritten to include the MLI, this book analyses the MLI which was signed by over seventy jurisdictions on 7 June 2017, explains its practical effects and examines possible future developments.</subfield>
         </datafield>
         <datafield tag="610" ind1="2" ind2="7">
            <subfield code="a">Organisation de coopération et de développement économiques</subfield>
            <subfield code="0">(RERO)A010015391</subfield>
            <subfield code="2">rero</subfield>
         </datafield>
         <datafield tag="610" ind1="2" ind2="7">
            <subfield code="a">OECD</subfield>
            <subfield code="0">(DE-588)5157-3</subfield>
            <subfield code="2">gnd</subfield>
         </datafield>
         <datafield tag="650" ind1=" " ind2="7">
            <subfield code="a">Droit fiscal (droit international)</subfield>
            <subfield code="0">(RERO)A021015869</subfield>
            <subfield code="2">rero</subfield>
         </datafield>
         <datafield tag="650" ind1=" " ind2="7">
            <subfield code="a">Impôt</subfield>
            <subfield code="0">(RERO)A021003193</subfield>
            <subfield code="2">rero</subfield>
         </datafield>
         <datafield tag="650" ind1=" " ind2="7">
            <subfield code="a">Double imposition</subfield>
            <subfield code="0">(RERO)A021015854</subfield>
            <subfield code="2">rero</subfield>
         </datafield>
         <datafield tag="650" ind1=" " ind2="7">
            <subfield code="a">Traités</subfield>
            <subfield code="0">(RERO)A021007966</subfield>
            <subfield code="2">rero</subfield>
         </datafield>
         <datafield tag="650" ind1=" " ind2="7">
            <subfield code="a">OECD-Musterabkommen (ger)</subfield>
            <subfield code="x">ger</subfield>
            <subfield code="9">ger</subfield>
            <subfield code="2">jurivoc</subfield>
         </datafield>
         <datafield tag="650" ind1=" " ind2="7">
            <subfield code="a">Doppelbesteuerungsabkommen (ger)</subfield>
            <subfield code="x">ger</subfield>
            <subfield code="9">ger</subfield>
            <subfield code="2">jurivoc</subfield>
         </datafield>
         <datafield tag="650" ind1=" " ind2="7">
            <subfield code="a">Staatsvertrag (ger)</subfield>
            <subfield code="x">ger</subfield>
            <subfield code="9">ger</subfield>
            <subfield code="2">jurivoc</subfield>
         </datafield>
         <datafield tag="650" ind1=" " ind2="7">
            <subfield code="a">Abgaberecht (ger)</subfield>
            <subfield code="x">ger</subfield>
            <subfield code="9">ger</subfield>
            <subfield code="2">jurivoc</subfield>
         </datafield>
         <datafield tag="650" ind1=" " ind2="7">
            <subfield code="a">Steuer (ger)</subfield>
            <subfield code="x">ger</subfield>
            <subfield code="9">ger</subfield>
            <subfield code="2">jurivoc</subfield>
         </datafield>
         <datafield tag="650" ind1=" " ind2="7">
            <subfield code="a">international (ger)</subfield>
            <subfield code="x">ger</subfield>
            <subfield code="9">ger</subfield>
            <subfield code="2">jurivoc</subfield>
         </datafield>
         <datafield tag="650" ind1=" " ind2="7">
            <subfield code="a">Double imposition</subfield>
            <subfield code="2">rero</subfield>
         </datafield>
         <datafield tag="650" ind1=" " ind2="7">
            <subfield code="a">Traités</subfield>
            <subfield code="2">rero</subfield>
         </datafield>
         <datafield tag="650" ind1=" " ind2="7">
            <subfield code="a">Droit fiscal (droit international)</subfield>
            <subfield code="2">rero</subfield>
         </datafield>
         <datafield tag="650" ind1=" " ind2="7">
            <subfield code="a">Impôt</subfield>
            <subfield code="2">rero</subfield>
         </datafield>
         <datafield tag="650" ind1=" " ind2="7">
            <subfield code="a">Steuerrecht</subfield>
            <subfield code="0">(DE-588)4116614-0</subfield>
            <subfield code="2">gnd</subfield>
         </datafield>
         <datafield tag="650" ind1=" " ind2="7">
            <subfield code="a">Multilateraler Vertrag</subfield>
            <subfield code="0">(DE-588)4125048-5</subfield>
            <subfield code="2">gnd</subfield>
         </datafield>
         <datafield tag="650" ind1=" " ind2="0">
            <subfield code="a">Double taxation</subfield>
            <subfield code="x">Treaties</subfield>
            <subfield code="v">Congresses</subfield>
         </datafield>
         <datafield tag="650" ind1=" " ind2="0">
            <subfield code="a">Double taxation</subfield>
            <subfield code="v">Treaties</subfield>
         </datafield>
         <datafield tag="650" ind1=" " ind2="7">
            <subfield code="a">Internationales Steuerrecht</subfield>
            <subfield code="0">(DE-588)4027451-2</subfield>
            <subfield code="2">gnd</subfield>
         </datafield>
         <datafield tag="650" ind1=" " ind2="7">
            <subfield code="a">Double taxation</subfield>
            <subfield code="x">Treaties</subfield>
            <subfield code="2">fast</subfield>
         </datafield>
         <datafield tag="650" ind1=" " ind2="7">
            <subfield code="a">Double taxation</subfield>
            <subfield code="2">fast</subfield>
         </datafield>
         <datafield tag="655" ind1=" " ind2="7">
            <subfield code="a">Actes de congrès</subfield>
            <subfield code="2">rero</subfield>
            <subfield code="0">(RERO)A021105530</subfield>
         </datafield>
         <datafield tag="655" ind1=" " ind2="7">
            <subfield code="a">Actes de congrès</subfield>
            <subfield code="2">rero</subfield>
         </datafield>
         <datafield tag="655" ind1=" " ind2="7">
            <subfield code="a">Konferenzschrift</subfield>
            <subfield code="z">Wien</subfield>
            <subfield code="y">2017</subfield>
            <subfield code="2">gnd-content</subfield>
         </datafield>
         <datafield tag="655" ind1=" " ind2="7">
            <subfield code="a">Aufsatzsammlung</subfield>
            <subfield code="2">gnd-content</subfield>
         </datafield>
         <datafield tag="691" ind1=" " ind2="7">
            <subfield code="2">rero dr-sys</subfield>
            <subfield code="u">A 54 e</subfield>
         </datafield>
         <datafield tag="691" ind1=" " ind2="7">
            <subfield code="2">vaud dr-sys</subfield>
            <subfield code="u">A 54 e</subfield>
         </datafield>
         <datafield tag="700" ind1="1" ind2=" ">
            <subfield code="a">Lang</subfield>
            <subfield code="D">Michael</subfield>
            <subfield code="d">1965-</subfield>
            <subfield code="0">(RERO)A014286645</subfield>
         </datafield>
         <datafield tag="711" ind1="2" ind2=" ">
            <subfield code="a">Viennese Symposium on International Tax Law</subfield>
            <subfield code="n">(24</subfield>
            <subfield code="d">2017</subfield>
            <subfield code="c">Wien)</subfield>
            <subfield code="0">(RERO)A027446152</subfield>
         </datafield>
         <datafield tag="898" ind1=" " ind2=" ">
            <subfield code="a">BK020800</subfield>
            <subfield code="b">XK020000</subfield>
            <subfield code="c">XK020000</subfield>
         </datafield>
         <datafield tag="898" ind1=" " ind2=" ">
            <subfield code="a">BK020000</subfield>
            <subfield code="b">XK020000</subfield>
            <subfield code="c">XK020000</subfield>
         </datafield>
         <datafield tag="909" ind1=" " ind2="7">
            <subfield code="a">zbzmon201907f</subfield>
            <subfield code="c">scle</subfield>
            <subfield code="d">zbzswk201907g</subfield>
            <subfield code="e">bruu</subfield>
            <subfield code="2">idszbz Z2</subfield>
         </datafield>
         <datafield tag="912" ind1=" " ind2="7">
            <subfield code="a">s1dr</subfield>
            <subfield code="2">rnv</subfield>
         </datafield>
         <datafield tag="949" ind1=" " ind2=" ">
            <subfield code="B">RERO</subfield>
            <subfield code="F">RE01040</subfield>
            <subfield code="b">RE01040</subfield>
            <subfield code="c">RE010400001</subfield>
            <subfield code="j">DR A 54 e OEMI 2018</subfield>
            <subfield code="s">TDB 67720</subfield>
         </datafield>
         <datafield tag="949" ind1=" " ind2=" ">
            <subfield code="B">RERO</subfield>
            <subfield code="F">RE31013</subfield>
            <subfield code="b">RE31013</subfield>
            <subfield code="c">RE310130001</subfield>
            <subfield code="j">D 26.1 e OEMI 2018</subfield>
            <subfield code="s">nedm 86955</subfield>
         </datafield>
         <datafield tag="949" ind1=" " ind2=" ">
            <subfield code="B">RERO</subfield>
            <subfield code="F">RE61050</subfield>
            <subfield code="b">RE61050</subfield>
            <subfield code="c">RE610500001</subfield>
            <subfield code="j">A 54 e OEMI 2018</subfield>
            <subfield code="s">BFDA 76189</subfield>
         </datafield>
         <datafield tag="949" ind1=" " ind2=" ">
            <subfield code="B">RERO</subfield>
            <subfield code="F">RE71060</subfield>
            <subfield code="b">RE71060</subfield>
            <subfield code="c">RE710600001</subfield>
            <subfield code="j">A 54 e OEMI 2018</subfield>
         </datafield>
         <datafield tag="949" ind1=" " ind2=" ">
            <subfield code="B">RERO</subfield>
            <subfield code="F">RE71070</subfield>
            <subfield code="b">RE71070</subfield>
            <subfield code="c">RE710700001</subfield>
            <subfield code="j">A 54 e OEMI 2018</subfield>
            <subfield code="s">ISDC 196677</subfield>
         </datafield>
         <datafield tag="949" ind1=" " ind2=" ">
            <subfield code="B">RERO</subfield>
            <subfield code="F">RE71080</subfield>
            <subfield code="b">RE71080</subfield>
            <subfield code="c">RE710800001</subfield>
            <subfield code="j">A 54 e OEMI 2018</subfield>
         </datafield>
         <datafield tag="949" ind1=" " ind2=" ">
            <subfield code="B">VAUD</subfield>
            <subfield code="F">bcue</subfield>
            <subfield code="b">bcue</subfield>
            <subfield code="j">ZAB 26275 34.2.504</subfield>
            <subfield code="c">810030002</subfield>
         </datafield>
         <datafield tag="949" ind1=" " ind2=" ">
            <subfield code="B">ALEX</subfield>
            <subfield code="F">BIG</subfield>
            <subfield code="b">BIG</subfield>
            <subfield code="j">BIG NOG 20898</subfield>
            <subfield code="c">EG</subfield>
         </datafield>
         <datafield tag="949" ind1=" " ind2=" ">
            <subfield code="B">NEBIS</subfield>
            <subfield code="F">Z01</subfield>
            <subfield code="b">Z01</subfield>
            <subfield code="c">02</subfield>
            <subfield code="j">2019 A 28027</subfield>
         </datafield>
         <datafield tag="949" ind1=" " ind2=" ">
            <subfield code="B">IDSSG</subfield>
            <subfield code="F">HIFF</subfield>
            <subfield code="b">HIFF</subfield>
            <subfield code="c">TAX</subfield>
            <subfield code="j">LC 0282</subfield>
         </datafield>
         <datafield tag="949" ind1=" " ind2=" ">
            <subfield code="B">IDSBB</subfield>
            <subfield code="F">B464</subfield>
            <subfield code="b">B464</subfield>
            <subfield code="c">464SM</subfield>
            <subfield code="j">IST A. 41. 80</subfield>
            <subfield code="x">NELB4641806</subfield>
         </datafield>
         <datafield tag="950" ind1=" " ind2=" ">
            <subfield code="B">RERO</subfield>
            <subfield code="P">700</subfield>
            <subfield code="E">1-</subfield>
            <subfield code="a">Lang</subfield>
            <subfield code="D">Michael</subfield>
            <subfield code="d">1965-</subfield>
            <subfield code="0">(RERO)A014286645</subfield>
         </datafield>
         <datafield tag="950" ind1=" " ind2=" ">
            <subfield code="B">RERO</subfield>
            <subfield code="P">711</subfield>
            <subfield code="E">2-</subfield>
            <subfield code="a">Viennese Symposium on International Tax Law</subfield>
            <subfield code="n">(24</subfield>
            <subfield code="d">2017</subfield>
            <subfield code="c">Wien)</subfield>
            <subfield code="0">(RERO)A027446152</subfield>
         </datafield>
         <datafield tag="950" ind1=" " ind2=" ">
            <subfield code="B">VAUD</subfield>
            <subfield code="P">700</subfield>
            <subfield code="E">1-</subfield>
            <subfield code="a">Lang</subfield>
            <subfield code="D">Michael</subfield>
            <subfield code="d">1965-</subfield>
         </datafield>
         <datafield tag="950" ind1=" " ind2=" ">
            <subfield code="B">VAUD</subfield>
            <subfield code="P">711</subfield>
            <subfield code="E">2-</subfield>
            <subfield code="a">Viennese Symposium on International Tax Law</subfield>
            <subfield code="n">(24</subfield>
            <subfield code="d">2017</subfield>
            <subfield code="c">Wien)</subfield>
         </datafield>
         <datafield tag="950" ind1=" " ind2=" ">
            <subfield code="B">IDSSG</subfield>
            <subfield code="P">700</subfield>
            <subfield code="E">1-</subfield>
            <subfield code="a">Lang</subfield>
            <subfield code="D">Michael</subfield>
            <subfield code="d">1965</subfield>
            <subfield code="0">(RERO)A014286645</subfield>
         </datafield>
         <datafield tag="950" ind1=" " ind2=" ">
            <subfield code="B">IDSSG</subfield>
            <subfield code="P">711</subfield>
            <subfield code="E">2-</subfield>
            <subfield code="a">Viennese Symposium on International Tax Law</subfield>
            <subfield code="n">(24</subfield>
            <subfield code="d">2017</subfield>
            <subfield code="c">Wien)</subfield>
            <subfield code="0">(RERO)A027446152</subfield>
         </datafield>
         <datafield tag="950" ind1=" " ind2=" ">
            <subfield code="B">IDSBB</subfield>
            <subfield code="P">111</subfield>
            <subfield code="E">2-</subfield>
            <subfield code="a">Viennese Symposium on International Tax Law</subfield>
            <subfield code="n">(24</subfield>
            <subfield code="d">2017</subfield>
            <subfield code="c">Wien)</subfield>
            <subfield code="0">(DE-588)1155844327</subfield>
         </datafield>
         <datafield tag="950" ind1=" " ind2=" ">
            <subfield code="B">IDSBB</subfield>
            <subfield code="P">700</subfield>
            <subfield code="E">1-</subfield>
            <subfield code="a">Lang</subfield>
            <subfield code="D">Michael</subfield>
            <subfield code="d">1965-</subfield>
            <subfield code="0">(DE-588)130399523</subfield>
            <subfield code="e">Herausgeber</subfield>
            <subfield code="4">edt</subfield>
         </datafield>
         <datafield tag="950" ind1=" " ind2=" ">
            <subfield code="B">IDSBB</subfield>
            <subfield code="P">700</subfield>
            <subfield code="E">1-</subfield>
            <subfield code="a">Pistone</subfield>
            <subfield code="D">Pasquale</subfield>
            <subfield code="d">1968-</subfield>
            <subfield code="0">(DE-588)142120863</subfield>
            <subfield code="e">Herausgeber</subfield>
            <subfield code="4">edt</subfield>
         </datafield>
         <datafield tag="950" ind1=" " ind2=" ">
            <subfield code="B">IDSBB</subfield>
            <subfield code="P">700</subfield>
            <subfield code="E">1-</subfield>
            <subfield code="a">Rust</subfield>
            <subfield code="D">Alexander</subfield>
            <subfield code="d">1973-</subfield>
            <subfield code="0">(DE-588)133882233</subfield>
            <subfield code="e">Herausgeber</subfield>
            <subfield code="4">edt</subfield>
         </datafield>
         <datafield tag="950" ind1=" " ind2=" ">
            <subfield code="B">IDSBB</subfield>
            <subfield code="P">700</subfield>
            <subfield code="E">1-</subfield>
            <subfield code="a">Schuch</subfield>
            <subfield code="D">Josef</subfield>
            <subfield code="d">1968-</subfield>
            <subfield code="0">(DE-588)171722833</subfield>
            <subfield code="e">Herausgeber</subfield>
            <subfield code="4">edt</subfield>
         </datafield>
         <datafield tag="950" ind1=" " ind2=" ">
            <subfield code="B">IDSBB</subfield>
            <subfield code="P">700</subfield>
            <subfield code="E">1-</subfield>
            <subfield code="a">Staringer</subfield>
            <subfield code="D">Claus</subfield>
            <subfield code="d">1967-</subfield>
            <subfield code="0">(DE-588)171722876</subfield>
            <subfield code="e">Herausgeber</subfield>
            <subfield code="4">edt</subfield>
         </datafield>
         <datafield tag="950" ind1=" " ind2=" ">
            <subfield code="B">NEBIS</subfield>
            <subfield code="P">700</subfield>
            <subfield code="E">1-</subfield>
            <subfield code="a">Lang</subfield>
            <subfield code="D">Michael</subfield>
            <subfield code="d">1965-</subfield>
            <subfield code="0">(DE-588)130399523</subfield>
            <subfield code="e">Herausgeber</subfield>
            <subfield code="4">edt</subfield>
         </datafield>
         <datafield tag="950" ind1=" " ind2=" ">
            <subfield code="B">ALEX</subfield>
            <subfield code="P">700</subfield>
            <subfield code="E">1-</subfield>
            <subfield code="a">Lang</subfield>
            <subfield code="D">Michael</subfield>
            <subfield code="d">1965-</subfield>
            <subfield code="e">Herausgeber</subfield>
            <subfield code="0">(DE-588)130399523</subfield>
            <subfield code="4">edt</subfield>
         </datafield>
         <datafield tag="950" ind1=" " ind2=" ">
            <subfield code="B">ALEX</subfield>
            <subfield code="P">700</subfield>
            <subfield code="E">1-</subfield>
            <subfield code="a">Pistone</subfield>
            <subfield code="D">Pasquale</subfield>
            <subfield code="d">1968-</subfield>
            <subfield code="e">Herausgeber</subfield>
            <subfield code="0">(DE-588)142120863</subfield>
            <subfield code="4">edt</subfield>
         </datafield>
         <datafield tag="950" ind1=" " ind2=" ">
            <subfield code="B">ALEX</subfield>
            <subfield code="P">700</subfield>
            <subfield code="E">1-</subfield>
            <subfield code="a">Rust</subfield>
            <subfield code="D">Alexander</subfield>
            <subfield code="d">1973-</subfield>
            <subfield code="e">Herausgeber</subfield>
            <subfield code="0">(DE-588)133882233</subfield>
            <subfield code="4">edt</subfield>
         </datafield>
         <datafield tag="956" ind1="4" ind2=" ">
            <subfield code="B">NEBIS</subfield>
            <subfield code="C">ZAD50</subfield>
            <subfield code="D">EBI01</subfield>
            <subfield code="a">Z01</subfield>
            <subfield code="u">https://opac.nebis.ch/objects/pdf03/z01_978-90-411-8836-6_01.pdf</subfield>
            <subfield code="y">Titelblatt und Inhaltsverzeichnis</subfield>
            <subfield code="x">VIEW</subfield>
            <subfield code="q">pdf</subfield>
         </datafield>
      </record></data>